@article{AlheAlar1984,
author = {Alheit, J{\"{u}}rgen and Alarc{\'{o}}n, Hugo and Macewicz, Beverly},
issn = {05753317},
journal = {CalCOFI Report},
pages = {43--52},
title = {{Spawning frequency and sex ratio in the Peruvian anchovy, Engraulis ringens}},
volume = {25},
year = {1984}
}
@article{AlheAleg1983,
author = {Alheit, J{\"{u}}rgen and Alegre, Bertha and Alarc{\'{o}}n, Hugo and Macewicz, Beverly},
journal = {FAO Fisheries Report},
number = {3},
pages = {977--985},
title = {{Batch fecundity and spawning frequency of various anchovy (genus: Engraulis) populations from upwelling areas and their use for spawning biomass estimates}},
volume = {291},
year = {1983}
}
@article{AlheNiqu2004,
author = {Alheit, J{\"{u}}rgen and {\~{N}}iquen, Miguel},
doi = {10.1016/j.pocean.2004.02.006},
journal = {Progress in Oceanography},
pages = {201--222},
title = {{Regime shifts in the Humboldt Current ecosystem}},
url = {https://www.sciencedirect.com/science/article/abs/pii/S007966110400028X?via%3Dihub},
volume = {60},
year = {2004}
}
@article{Aria2012,
author = {{Arias Schreiber}, Milena},
doi = {10.1016/j.marpol.2011.03.010},
issn = {0308597X},
journal = {Marine Policy},
month = {jan},
number = {1},
pages = {78--89},
title = {{The evolution of legal instruments and the sustainability of the Peruvian anchovy fishery}},
url = {https://www.sciencedirect.com/science/article/pii/S0308597X11000698},
volume = {36},
year = {2012}
}
@article{AriaNiqu2011,
author = {{Arias Schreiber}, Milena and {\~{N}}iquen, Miguel and Bouchon, Maril{\'{u}}},
doi = {10.3390/su3060823},
isbn = {2071-1050},
journal = {Sustainability},
number = {6},
pages = {823--846},
title = {{Coping strategies to deal with environmental variability and extreme climatic events in the Peruvian Anchovy fishery}},
volume = {3},
year = {2011}
}
@article{AronAyon2009,
author = {Aron{\'{e}}s, Katia and Ay{\'{o}}n, Patricia and Hirche, Hans-J{\"{u}}rgen and Schwamborn, Ralf},
doi = {https://doi.org/10.1016/j.jmarsys.2009.01.002},
issn = {0924-7963},
journal = {Journal of Marine Systems},
number = {4},
pages = {582--598},
title = {{Hydrographic structure and zooplankton abundance and diversity off Paita, northern Peru (1994 to 2004) â€” ENSO effects, trends and changes}},
url = {https://www.sciencedirect.com/science/article/pii/S0924796309001079},
volume = {78},
year = {2009}
}
@article{AronGrad2019,
author = {Aron{\'{e}}s, Katia and Grados, Daniel and Ay{\'{o}}n, Patricia and Bertrand, Arnaud},
doi = {10.1016/j.dsr2.2019.104656},
issn = {09670645},
journal = {Deep-Sea Research Part II: Topical Studies in Oceanography},
number = {October},
title = {{Spatio-temporal trends in zooplankton biomass in the northern Humboldt current system off Peru from 1961-2012}},
volume = {169-170},
year = {2019}
}
@article{AtwoFalc2019,
author = {Atwood, Elizabeth and Falcieri, Francesco and Piehl, Sarah and Bochow, Mathias and Matthies, Michael and Franke, Jonas and Carniel, Sandro and Sclavo, Mauro and Laforsch, Christian and Siegert, Florian},
doi = {https://doi.org/10.1016/j.marpolbul.2018.11.045},
issn = {0025-326X},
journal = {Marine Pollution Bulletin},
pages = {561--574},
title = {{Coastal accumulation of microplastic particles emitted from the Po River, Northern Italy: Comparing remote sensing and hydrodynamic modelling with in situ sample collections}},
url = {https://www.sciencedirect.com/science/article/pii/S0025326X18308300},
volume = {138},
year = {2019}
}
@article{AvilPadi2020,
author = {Avila-Peltroche, Jos{\'{e}} and Padilla-Vallejos, Jaraj},
issn = {1437-4323},
journal = {Botanica marina},
number = {4},
pages = {381--394},
publisher = {De Gruyter},
title = {{The seaweed resources of Peru}},
volume = {63},
year = {2020}
}
@article{Ayon2000,
author = {Ay{\'{o}}n, Patricia},
journal = {Bolet{\'{i}}n del Instituto del Mar del Per{\'{u}}},
number = {1-2},
pages = {7--14},
title = {{El m{\'{e}}todo de producci{\'{o}}n diaria de huevos en la estimaci{\'{o}}n de labiomasa desovante del stock norte-centro de la anchoveta peruana}},
url = {https://repositorio.imarpe.gob.pe/handle/20.500.12958/990},
volume = {19},
year = {2000}
}
@article{AyonSwar2008,
author = {Ay{\'{o}}n, Patricia and Swartzman, Gordon and Bertrand, Arnaud and Guti{\'{e}}rrez, Mariano and Bertrand, Sophie},
doi = {10.1016/j.pocean.2008.10.023},
issn = {00796611},
journal = {Progress in Oceanography},
number = {2-4},
pages = {208--214},
publisher = {Elsevier Ltd},
title = {{Zooplankton and forage fish species off Peru: Large-scale bottom-up forcing and local-scale depletion}},
url = {http://dx.doi.org/10.1016/j.pocean.2008.10.023},
volume = {79},
year = {2008}
}
@article{AyonSwar2011,
author = {Ay{\'{o}}n, Patricia and Swartzman, Gordon and Espinoza, Pepe and Bertrand, Arnaud},
doi = {10.3354/meps08918},
issn = {01718630},
journal = {Marine Ecology Progress Series},
pages = {211--222},
title = {{Long-term changes in zooplankton size distribution in the Peruvian Humboldt Current System: Conditions favouring sardine or anchovy}},
volume = {422},
year = {2011}
}
@article{BailHoud1989,
author = {Bailey, K and Houde, Edward},
doi = {10.1016/S0065-2881(08)60187-X},
journal = {Advances in Marine Biology},
pages = {1--83},
title = {{Predation on eggs and larvae of marine fishes and the recruitment problem}},
volume = {25},
year = {1989}
}
@article{Bake2016,
author = {Baker, Monya},
doi = {10.1038/533452a},
issn = {1476-4687},
journal = {Nature},
number = {7604},
pages = {452--454},
title = {1,500 scientists lift the lid on reproducibility},
url = {https://doi.org/10.1038/533452a},
volume = {533},
year = {2016}
}
@article{BakuBlac2015,
author = {Bakun, A. and Black, B. A. and Bograd, S. J. and Garc{\'{i}}a-Reyes, M. and Miller, A. J. and Rykaczewski, R. R. and Sydeman, W. J.},
doi = {10.1007/s40641-015-0008-4},
issn = {21986061},
journal = {Current Climate Change Reports},
number = {2},
pages = {85--93},
title = {{Anticipated Effects of Climate Change on Coastal Upwelling Ecosystems}},
volume = {1},
year = {2015}
}
@incollection{Baku1998,
address = {Dordrecht},
author = {Bakun, Andrew},
booktitle = {Reinventing Fisheries Management},
doi = {10.1007/978-94-011-4433-9_25},
editor = {Pitcher, Tony J and Pauly, Daniel and Hart, Paul J B},
isbn = {978-94-011-4433-9},
pages = {331--358},
publisher = {Springer Netherlands},
title = {{Ocean triads and radical interdecadal variation: bane and boon to scientific fisheries management}},
url = {https://doi.org/10.1007/978-94-011-4433-9_25},
year = {1998}
}
@article{Baku2010,
author = {Bakun, Andrew},
doi = {10.1016/j.jmarsys.2008.12.008},
journal = {Journal of Marine Systems},
pages = {361--373},
publisher = {Elsevier B.V.},
title = {{Linking climate to population variability in marine ecosystems characterized by non-simple dynamics: Conceptual templates and schematic constructs}},
volume = {79},
year = {2010}
}
@article{BakuWeek2008,
author = {Bakun, Andrew and Weeks, Scarla},
doi = {10.1016/j.pocean.2008.10.027},
journal = {Progress in Oceanography},
pages = {290--299},
publisher = {Elsevier Ltd},
title = {{The marine ecosystem off Peru: What are the secrets of its fishery productivity and what might its future hold?}},
volume = {79},
year = {2008}
}
@article{Barl1961,
author = {Barlow, George},
issn = {0039-7989},
journal = {Systematic Zoology},
number = {3},
pages = {105--117},
publisher = {JSTOR},
title = {{Causes and significance of morphological variation in fishes}},
volume = {10},
year = {1961}
}
@article{BarnSief1995,
author = {Barnier, B and Siefridt, L and Marchesiello, P},
doi = {10.1016/0924-7963(94)00034-9},
journal = {Journal of Marine Systems},
pages = {363--380},
title = {{Thermal forcing for a global ocean circulation model using a three-year climatology of ECMWF analyses}},
volume = {6},
year = {1995}
}
@article{BeauGous2015,
author = {Beaudouin, R{\'{e}}my and Goussen, Benoit and Piccini, Benjamin and Augustine, Starrlight and Devillers, James and Brion, Fran{\c{c}}ois and P{\'{e}}ry, Alexandre R R},
journal = {PLOS ONE},
month = {may},
number = {5},
pages = {e0125841},
publisher = {Public Library of Science},
title = {{An Individual-Based Model of Zebrafish population dynamics accounting for energy dynamics}},
url = {https://doi.org/10.1371/journal.pone.0125841},
volume = {10},
year = {2015}
}
@article{BeckSand2009,
author = {Becker, J and Sandwell, D and Smith, Walter and Braud, J and Binder, B and Depner, J and Fabre, D and Factor, J and Ingalls, S and Kim, S and Ladner, R and Marks, K and Nelson, S and Pharaoh, A and Trimmer, R and von Rosenberg, J and Wallace, G and Weatherall, P},
doi = {10.1080/01490410903297766},
journal = {Marine Geodesy},
pages = {355--371},
title = {{Global Bathymetry and Elevation Data at 30 Arc Seconds Resolution: SRTM30PLUS}},
volume = {32},
year = {2009}
}
@article{BehrKolb1999,
annote = {doi: 10.1126/science.283.5403.840},
author = {Behrenfeld, Michael J and Kolber, Zbigniew S},
doi = {10.1126/science.283.5403.840},
journal = {Science},
month = {feb},
number = {5403},
pages = {840--843},
publisher = {American Association for the Advancement of Science},
title = {{Widespread iron limitation of phytoplankton in the South Pacific Ocean}},
url = {https://doi.org/10.1126/science.283.5403.840},
volume = {283},
year = {1999}
}
@article{BehrBale1996,
author = {Behrenfeld, Michael and Bale, Anthony and Kolber, Zbigniew and Aiken, James and Falkowski, Paul},
doi = {10.1038/383508a0},
issn = {1476-4687},
journal = {Nature},
number = {6600},
pages = {508--511},
title = {{Confirmation of iron limitation of phytoplankton photosynthesis in the equatorial Pacific Ocean}},
url = {https://doi.org/10.1038/383508a0},
volume = {383},
year = {1996}
}
@article{BelmEche2014,
author = {Belmadani, Ali and Echevin, Vincent and Codron, Francis and Takahashi, Ken and Junquas, Cl{\'{e}}mentine},
doi = {10.1007/s00382-013-2015-2},
issn = {14320894},
journal = {Climate Dynamics},
number = {7-8},
pages = {1893--1914},
title = {{What dynamics drive future wind scenarios for coastal upwelling off Peru and Chile?}},
volume = {43},
year = {2014}
}
@article{BertChai2011,
author = {Bertrand, Arnaud and Chaigneau, Alexis and Peraltilla, Salvador and Ledesma, Jes{\'{u}}s and Graco, Michelle and Monetti, Florian and Chavez, Francisco},
doi = {10.1371/journal.pone.0029558},
issn = {19326203},
journal = {PLoS ONE},
number = {12},
pages = {2--9},
pmid = {22216315},
title = {{Oxygen: A fundamental property regulating pelagic ecosystem structure in the coastal southeastern tropical pacific}},
volume = {6},
year = {2011}
}
@article{BertSegu2004,
author = {Bertrand, Arnaud and Segura, Marceliano and Guti{\'{e}}rrez, Mariano and V{\'{a}}squez, Luis},
doi = {10.1111/j.1467-2679.2004.00165.x},
issn = {14672960},
journal = {Fish and Fisheries},
number = {4},
pages = {296--316},
title = {{From small-scale habitat loopholes to decadal cycles: A habitat-based hypothesis explaining fluctuation in pelagic fish populations off Peru}},
volume = {5},
year = {2004}
}
@article{BettLope2015,
author = {Bettencourt, Jo{\~{a}}o H and L{\'{o}}pez, Crist{\'{o}}bal and Hern{\'{a}}ndez-Garc{\'{i}}a, Emilio and Montes, Ivonne and Sudre, Jo{\"{e}}l and Dewitte, Boris and Paulmier, Aur{\'{e}}lien and Gar{\c{c}}on, V{\'{e}}ronique},
issn = {1752-0894},
journal = {Nature Geoscience},
number = {12},
pages = {937--940},
publisher = {Nature Publishing Group UK London},
title = {{Boundaries of the Peruvian oxygen minimum zone shaped by coherent mesoscale dynamics}},
volume = {8},
year = {2015}
}
@article{BlancJenn2012,
annote = {doi: 10.1098/rstb.2012.0231},
author = {Blanchard, Julia and Jennings, Simon and Holmes, Robert and Harle, James and Merino, Gorka and Allen, Icarus and Holt, Jason and Dulvy, Nicholas and Barange, Manuel},
doi = {10.1098/rstb.2012.0231},
journal = {Philosophical Transactions of the Royal Society B: Biological Sciences},
month = {nov},
number = {1605},
pages = {2979--2989},
publisher = {Royal Society},
title = {{Potential consequences of climate change for primary production and fish production in large marine ecosystems}},
url = {https://doi.org/10.1098/rstb.2012.0231},
volume = {367},
year = {2012}
}
@article{BogrJaco2023,
author = {Bograd, Steven J and Jacox, Michael G and Hazen, Elliott L and Lovecchio, Elisa and Montes, Ivonne and {Pozo Buil}, Mercedes and Shannon, Lynne J and Sydeman, William J and Rykaczewski, Ryan R},
issn = {1941-1405},
journal = {Annual review of marine science},
pages = {303--328},
publisher = {Annual Reviews},
title = {{Climate change impacts on eastern boundary upwelling systems}},
volume = {15},
year = {2023}
}
@article{BoltSanh2017,
author = {Bolta{\~{n}}a, Sebasti{\'{a}}n and Sanhueza, Nataly and Aguilar, Andrea and Gallardo-Escarate, Cristian and Arriagada, Gabriel and Valdes, Juan Antonio and Soto, Doris and Qui{\~{n}}ones, Renato A},
doi = {https://doi.org/10.1002/ece3.3239},
issn = {2045-7758},
journal = {Ecology and Evolution},
month = {sep},
number = {17},
pages = {6814--6825},
publisher = {John Wiley & Sons, Ltd},
title = {{Influences of thermal environment on fish growth}},
url = {https://doi.org/10.1002/ece3.3239},
volume = {7},
year = {2017}
}
@article{Boul1981,
author = {Boulekbache, Habib},
doi = {10.1093/icb/21.2.377},
issn = {0003-1569},
journal = {American Zoologist},
month = {may},
number = {2},
pages = {377--389},
title = {{Energy metabolism in fish development}},
url = {https://doi.org/10.1093/icb/21.2.377},
volume = {21},
year = {1981}
}
@incollection{BraiMcla1987,
author = {Brainard, R and McLain, D},
booktitle = {The Peruvian anchoveta and its upwelling ecosystem: three decades of change},
editor = {Pauly, D and Tsukuyama, I},
pages = {14--45},
publisher = {ICLARM},
title = {{Seasonal and interannual subsurface temperature variability off Peru, 1952 to 1984}},
volume = {15},
year = {1987}
}
@article{BrinHalp1983,
author = {Brink, K. H. and Halpern, D. and Huyer, A. and Smith, R. L.},
doi = {10.1016/0079-6611(83)90011-3},
issn = {00796611},
journal = {Progress in Oceanography},
number = {3},
pages = {285--305},
title = {{The physical environment of the Peruvian upwelling system}},
volume = {12},
year = {1983}
}
@article{BrisMohr2017,
author = {Bristow, Laura and Mohr, Wiebke and Ahmerkamp, Soeren and Kuypers, Marcel},
doi = {https://doi.org/10.1016/j.cub.2017.03.030},
issn = {0960-9822},
journal = {Current Biology},
number = {11},
pages = {474--478},
title = {{Nutrients that limit growth in the ocean}},
url = {https://www.sciencedirect.com/science/article/pii/S0960982217303287},
volume = {27},
year = {2017}
}
@article{BrocAuge2018,
author = {Brochier, Timoth{\'{e}}e and Auger, Pierre Ama{\"{e}}l and Pecquerie, Laure and Machu, Eric and Capet, Xavier and Thiaw, Modou and Mbaye, Baye Cheikh and Braham, Cheikh Baye and Ettahiri, Omar and Charouki, Najib and S{\`{e}}ne, Ousseynou Ndaw and Werner, Francisco and Brehmer, Patrice},
doi = {10.1016/j.pocean.2018.03.011},
issn = {00796611},
journal = {Progress in Oceanography},
number = {June 2017},
pages = {12--27},
publisher = {Elsevier},
title = {{Complex small pelagic fish population patterns arising from individual behavioral responses to their environment}},
url = {https://doi.org/10.1016/j.pocean.2018.03.011},
volume = {164},
year = {2018}
}
@article{BrocCola2009,
author = {Brochier, Timoth{\'{e}}e and Colas, Fran{\c{c}}ois and Lett, Christophe and Echevin, Vincent and Cubillos, Luis and Tam, Jorge and Chlaida, M. and Mullon, Christian and Fr{\'{e}}on, Pierre},
doi = {10.1016/j.pocean.2009.07.044},
journal = {Progress in Oceanography},
pages = {261--269},
publisher = {Elsevier Ltd},
title = {{Small pelagic fish reproductive strategies in upwelling systems: A natal homing evolutionary model to study environmental constraints}},
url = {http://dx.doi.org/10.1016/j.pocean.2009.07.044},
volume = {83},
year = {2009}
}
@article{BrocEche2013,
author = {Brochier, Timoth{\'{e}}e and Echevin, Vincent and Tam, Jorge and Chaigneau, Alexis and Goubanova, Katerina and Bertrand, Arnaud},
doi = {10.1111/gcb.12184},
journal = {Global Change Biology},
pages = {1841--1853},
title = {{Climate change scenarios experiments predict a future reduction in small pelagic fish recruitment in the Humboldt Current system}},
volume = {19},
year = {2013}
}
@article{BrocLett2011,
author = {Brochier, Timoth{\'{e}}e and Lett, Christophe and Fr{\'{e}}on, Pierre},
doi = {10.1111/j.1467-2979.2010.00385.x},
journal = {Fish and Fisheries},
pages = {94--109},
title = {{Investigating the "northern Humboldt paradox" from model comparisons of small pelagic fish reproductive strategies in eastern boundary upwelling ecosystems}},
volume = {12},
year = {2011}
}
@article{BrocLett2008,
author = {Brochier, Timoth{\'{e}}e and Lett, Christophe and Tam, Jorge and Fr{\'{e}}on, Pierre and Colas, Fran{\c{c}}ois and Ay{\'{o}}n, Patricia},
doi = {10.1016/j.pocean.2008.10.004},
journal = {Progress in Oceanography},
pages = {313--325},
publisher = {Elsevier Ltd},
title = {{An individual-based model study of anchovy early life history in the northern Humboldt Current system}},
volume = {79},
year = {2008}
}
@article{BrosLlor2016,
annote = {doi: 10.1098/rsos.160202},
author = {Brosset, Pablo and Lloret, Josep and Mu{\~{n}}oz, Marta and Fauvel, Christian and {Van Beveren}, Elisabeth and Marques, Virginie and Fromentin, Jean-Marc and M{\'{e}}nard, Fr{\'{e}}d{\'{e}}ric and Saraux, Claire},
doi = {10.1098/rsos.160202},
journal = {Royal Society Open Science},
month = {oct},
number = {10},
pages = {160202},
publisher = {Royal Society},
title = {{Body reserves mediate trade-offs between life-history traits: new insights from small pelagic fish reproduction}},
url = {https://doi.org/10.1098/rsos.160202},
volume = {3},
year = {2016}
}
@article{BuenPeti2020,
author = {Bueno-Pardo, Juan and Petitgas, Pierre and Kay, Susan and Huret, Martin},
issn = {1054-3139},
journal = {ICES Journal of Marine Science},
number = {2},
pages = {655--667},
publisher = {Oxford University Press},
title = {{Integration of bioenergetics in an individual-based model to hindcast anchovy dynamics in the Bay of Biscay}},
volume = {77},
year = {2020}
}
@article{BuitPere2018,
author = {Buitr{\'{o}}n, Betsy and Perea, {\'{A}}ngel and S{\'{a}}nchez, Javier and Espinoza, Carlos},
journal = {Bolet{\'{i}}n del Instituto del Mar del Per{\'{u}}},
number = {1},
pages = {13--24},
title = {{Caracterizaci{\'{o}}n de fol{\'{i}}culos post-ovulatorios de la anchoveta peruana Engraulis ringens en cautiverio}},
url = {https://repositorio.imarpe.gob.pe/handle/20.500.12958/3268},
volume = {33},
year = {2018}
}
@article{CahuCubi2009,
author = {Cahuin, Sandra and Cubillos, Luis and {\~{N}}iquen, Miguel and Escribano, Rub{\'{e}}n},
doi = {10.1016/j.ecss.2009.07.027},
issn = {02727714},
journal = {Estuarine, Coastal and Shelf Science},
number = {4},
pages = {591--597},
title = {{Climatic regimes and the recruitment rate of anchoveta, Engraulis ringens, off Peru}},
volume = {84},
year = {2009}
}
@article{CaiBorl2014,
author = {Cai, Wenju and Borlace, Simon and Lengaigne, Matthieu and van Rensch, Peter and Collins, Mat and Vecchi, Gabriel and Timmermann, Axel and Santoso, Agus and McPhaden, Michael J and Wu, Lixin and England, Matthew H and Wang, Guojian and Guilyardi, Eric and Jin, Fei-Fei},
doi = {10.1038/nclimate2100},
issn = {1758-6798},
journal = {Nature Climate Change},
number = {2},
pages = {111--116},
title = {{Increasing frequency of extreme El Ni{\~{n}}o events due to greenhouse warming}},
url = {https://doi.org/10.1038/nclimate2100},
volume = {4},
year = {2014}
}
@article{CaiWang2018,
author = {Cai, Wenju and Wang, Guojian and Dewitte, Boris and Wu, Lixin and Santoso, Agus and Takahashi, Ken and Yang, Yun and Carr{\'{e}}ric, Aude and McPhaden, Michael J.},
doi = {10.1038/s41586-018-0776-9},
issn = {14764687},
journal = {Nature},
number = {7735},
pages = {201--206},
pmid = {30542166},
publisher = {Springer US},
title = {{Increased variability of eastern Pacific El Ni{\~{n}}o under greenhouse warming}},
url = {http://dx.doi.org/10.1038/s41586-018-0776-9},
volume = {564},
year = {2018}
}
@article{CaiWang2017,
annote = {https://doi.org/10.1002/2017GL075635},
author = {Cai, Wenju and Wang, Guojian and Santoso, Agus and Lin, Xiaopei and Wu, Lixin},
doi = {https://doi.org/10.1002/2017GL075635},
issn = {0094-8276},
journal = {Geophysical Research Letters},
month = {nov},
number = {21},
pages = {11,111--184,190},
publisher = {John Wiley & Sons, Ltd},
title = {{Definition of Extreme El Ni{\~{n}}o and Its Impact on Projected Increase in Extreme El Ni{\~{n}}o Frequency}},
url = {https://doi.org/10.1002/2017GL075635},
volume = {44},
year = {2017}
}
@article{CaldAyor2020,
author = {Calder{\'{o}}n-Peralta, Gregoria and Ayora-Macias, Gabriela and Sol{\'{i}}s-Coello, Pilar},
doi = {10.25268/bimc.invemar.2020.49.1.778},
issn = {0122-9761},
journal = {Bolet{\'{i}}n de Investigaciones Marinas y Costeras},
number = {1},
pages = {135--156},
title = {{Variaci{\'{o}}n espacio-temporal de larvas de peces en el golfo de Guayaquil, Ecuador}},
volume = {49},
year = {2020}
}
@article{CaloFeli2013,
annote = {doi: 10.1080/19475721.2013.840680},
author = {Cal{\`{o}}, Antonio and F{\'{e}}lix-Hackradt, Fabiana C and Garcia, Jessica and Hackradt, Carlos W and Rocklin, Delphine and {Trevi{\~{n}}o Ot{\'{o}}n}, Jorge and Charton, Jos{\'{e}} A Garc{\'{i}}a},
doi = {10.1080/19475721.2013.840680},
issn = {1947-5721},
journal = {Advances in Oceanography and Limnology},
month = {dec},
number = {2},
pages = {150--175},
publisher = {Taylor & Francis},
title = {{A review of methods to assess connectivity and dispersal between fish populations in the Mediterranean Sea}},
url = {https://doi.org/10.1080/19475721.2013.840680},
volume = {4},
year = {2013}
}
@article{CanaAdas2018,
author = {Canales, Cristian and Adasme, Nicol{\'{a}}s and Cubillos, Luis and Cuevas, Maria and S{\'{a}}nchez, Nazareth},
doi = {10.1093/icesjms/fsy082},
issn = {1054-3139},
journal = {ICES Journal of Marine Science},
month = {dec},
number = {6},
pages = {1908--1923},
title = {{Long-time spatio-temporal variations in anchovy (Engraulis ringens) biological traits off northern Chile: an adaptive response to long-term environmental change?}},
url = {https://doi.org/10.1093/icesjms/fsy082},
volume = {75},
year = {2018}
}
@article{CastWang2014,
author = {Castelao, Renato and Wang, Yuntao},
doi = {10.1002/2013JC009531},
journal = {Journal of Geophysical Research : Oceans},
pages = {1861--1875},
title = {{Wind-driven variability in sea surface temperature front distribution in the California Current System}},
year = {2014}
}
@article{CastPena2022,
author = {Castillo, Pedro Ramiro and Pe{\~{n}}a, Cecilia and Grados, Daniel and {La Cruz}, Luis and Valdez, Carlos and Pozada-Herrera, Marissela and Cornejo, Rodolfo},
doi = {10.1111/fog.12601},
issn = {13652419},
journal = {Fisheries Oceanography},
number = {5},
pages = {510--523},
title = {{Characteristics of anchoveta (Engraulis ringens) schools in the optimum zone and the physiological stress zone of its distribution between 2011 and 2021}},
volume = {31},
year = {2022}
}
@article{CastHern2000,
author = {Castro, Leonardo and Hernandez, Eduardo H.},
journal = {Transactions of the American Fisheries Society},
pages = {1107--1117},
title = {{Early life survival of the Anchoveta Engraulis ringens Off Central Chile during the 1995 and 1996 winter spawning seasons}},
volume = {129},
year = {2000}
}
@article{ChaiDomi2013,
author = {Chaigneau, Alexis and Dominguez, Noel and Eldin, G{\'{e}}rard and Vasquez, Luis and Flores, Roberto and Grados, Carmen and Echevin, Vincent},
doi = {10.1002/jgrc.20328},
journal = {Journal of Geophysical Research: Oceans},
pages = {1--16},
title = {{Near-coastal circulation in the Northern Humboldt Current System from shipboard ADCP data}},
volume = {118},
year = {2013}
}
@article{ChavBert2008,
author = {Chavez, Francisco and Bertrand, Arnaud and Guevara-Carrasco, Renato and Soler, Pierre and Csirke, Jorge},
doi = {10.1016/j.pocean.2008.10.012},
journal = {Progress in Oceanography},
pages = {95--105},
title = {{The northern Humboldt Current System: Brief history, present status and a view towards the future}},
volume = {79},
year = {2008}
}
@article{ChavMess2009,
author = {Chavez, Francisco and Messi{\'{e}}, Monique},
doi = {10.1016/j.pocean.2009.07.032},
journal = {Progress in Oceanography},
pages = {80--96},
publisher = {Elsevier Ltd},
title = {{A comparison of Eastern Boundary Upwelling Ecosystems}},
volume = {83},
year = {2009}
}
@article{ChecAsch2017,
author = {Checkley, David and Asch, Rebecca and Rykaczewski, Ryan},
doi = {10.1146/annurev-marine-122414-033819},
journal = {Annual Review of Marine Science},
pages = {469--493},
title = {{Climate, Anchovy, and Sardine}},
volume = {9},
year = {2017}
}
@article{ChicRoja2013,
author = {Chicoine, David and Rojas, Carol},
issn = {1556-4894},
journal = {The Journal of Island and Coastal Archaeology},
number = {3},
pages = {336--360},
publisher = {Taylor & Francis},
title = {{Shellfish resources and maritime economy at Cayl{\'{a}}n, coastal Ancash, Peru}},
volume = {8},
year = {2013}
}
@article{ClarCast2012,
author = {Claramunt, Gabriel and Castro, Leonardo and Cubillos, Luis and Hirche, Hans-J{\"{u}}rgen and Perez, Graciela and Braun, Mauricio},
doi = {10.4067/s0718-19572012000200006},
issn = {0718-1957},
journal = {Revista de biolog{\'{i}}a marina y oceanograf{\'{i}}a},
number = {2},
pages = {227--243},
title = {{Inter-annual reproductive trait variation and spawning habitat preferences of Engraulis ringens off northern Chile}},
volume = {47},
year = {2012}
}
@article{ColaCape2008,
author = {Colas, Fran{\c{c}}ois and Capet, Xavier and McWilliams, J. C. and Shchepetkin, A.},
doi = {10.1016/j.pocean.2008.10.015},
journal = {Progress in Oceanography},
pages = {138--155},
publisher = {Elsevier Ltd},
title = {{1997-1998 El Ni{\~{n}}o off Peru: A numerical study}},
volume = {79},
year = {2008}
}
@article{ColaMcwi2012,
author = {Colas, Fran{\c{c}}ois and McWilliams, James C. and Capet, Xavier and Kurian, Jaison},
doi = {10.1007/s00382-011-1170-6},
journal = {Climate Dynamics},
pages = {509--529},
title = {{Heat balance and eddies in the Peru-Chile current system}},
volume = {39},
year = {2012}
}
@article{ColeMcGl1998,
author = {Cole, James and McGlade, Jacqueline},
doi = {10.1023/A:1008861224731},
issn = {1573-5184},
journal = {Reviews in Fish Biology and Fisheries},
number = {4},
pages = {445--471},
title = {{Clupeoid Population Variability, the Environment and Satellite Imagery in Coastal Upwelling Systems}},
url = {https://doi.org/10.1023/A:1008861224731},
volume = {8},
year = {1998}
}
@article{CorrHorm2012,
author = {Correa-Ramirez, Marco A and Hormazabal, Samuel E and Morales, Carmen E},
doi = {https://doi.org/10.1016/j.pocean.2011.07.008},
issn = {0079-6611},
journal = {Progress in Oceanography},
pages = {8--17},
title = {{Spatial patterns of annual and interannual surface chlorophyll-a variability in the Peruâ€“Chile Current System}},
url = {https://www.sciencedirect.com/science/article/pii/S0079661111000620},
volume = {92-95},
year = {2012}
}
@article{CowePari2006,
author = {Cowen, Robert and Paris, C. B. and Srinivasan, A.},
doi = {10.1126/science.1122039},
issn = {00368075},
journal = {Science},
number = {5760},
pages = {522--527},
pmid = {16357224},
title = {{Scaling of connectivity in marine populations}},
volume = {311},
year = {2006}
}
@article{CoweSpon2009,
author = {Cowen, Robert and Sponaugle, Su},
doi = {10.1146/annurev.marine.010908.163757},
issn = {19411405},
journal = {Annual Review of Marine Science},
pages = {443--466},
pmid = {21141044},
title = {{Larval dispersal and marine population connectivity}},
volume = {1},
year = {2009}
}
@article{CuryRoy1989,
author = {Cury, Philippe and Roy, Claude},
journal = {Canadian Journal of Fisheries and Aquatic Sciences},
number = {4},
pages = {670--680},
title = {{Optimal environmental window and pelagic fish recruitment succes in upwelling areas}},
volume = {46},
year = {1989}
}
@incollection{Cush1971,
author = {Cushing, D H},
doi = {https://doi.org/10.1016/S0065-2881(08)60344-2},
editor = {Russell, Frederick S and Yonge, Maurice},
pages = {255--334},
publisher = {Academic Press},
series = {Advances in Marine Biology},
title = {{Upwelling and the Production of Fish}},
url = {https://www.sciencedirect.com/science/article/pii/S0065288108603442},
volume = {9},
year = {1971}
}
@article{DaloBogd2015,
annote = {doi: 10.1073/pnas.1513754112},
author = {D'Aloia, Cassidy and Bogdanowicz, Steven and Francis, Robin and Majoris, John and Harrison, Richard and Buston, Peter},
doi = {10.1073/pnas.1513754112},
journal = {Proceedings of the National Academy of Sciences},
number = {45},
pages = {13940--13945},
publisher = {Proceedings of the National Academy of Sciences},
title = {{Patterns, causes, and consequences of marine larval dispersal}},
url = {https://doi.org/10.1073/pnas.1513754112},
volume = {112},
year = {2015}
}
@article{DasiYoun1994,
author = {da Silva, Arlindo and Young, Christine and Levitus, Sydney},
journal = {Noaa atlas nesdis},
number = {83},
pages = {20910--23282},
title = {{Atlas of surface marine data 1994, Vol. 1: Algorithms and procedures}},
volume = {6},
year = {1994}
}
@article{DaviJoac2019,
author = {David, Viviane and Joachim, Sandrine and Tebby, Cleo and Porcher, Jean-Marc and Beaudouin, R{\'{e}}my},
doi = {https://doi.org/10.1016/j.ecolmodel.2019.02.008},
issn = {0304-3800},
journal = {Ecological Modelling},
pages = {55--66},
title = {{Modelling population dynamics in mesocosms using an individual-based model coupled to a bioenergetics model}},
url = {https://www.sciencedirect.com/science/article/pii/S0304380019300778},
volume = {398},
year = {2019}
}
@article{DeanGrim2014,
author = {DeAngelis, Donald and Grimm, Volker},
doi = {10.12703/P6-39},
issn = {20517599},
journal = {F1000Prime Reports},
number = {June},
title = {{Individual-based models in ecology after four decades}},
volume = {6},
year = {2014}
}
@article{Dema2009,
author = {Demarcq, Herv{\'{e}}},
doi = {10.1016/j.pocean.2009.07.022},
issn = {00796611},
journal = {Progress in Oceanography},
number = {1-4},
pages = {376--385},
publisher = {Elsevier Ltd},
title = {{Trends in primary production, sea surface temperature and wind in upwelling systems (1998-2007)}},
volume = {83},
year = {2009}
}
@article{DiLo2015,
author = {{Di Lorenzo}, Emanuele},
doi = {10.1038/518310a},
issn = {1476-4687},
journal = {Nature},
number = {7539},
pages = {310--311},
title = {{The future of coastal ocean upwelling}},
url = {https://doi.org/10.1038/518310a},
volume = {518},
year = {2015}
}
@article{DonlMart2012,
author = {Donlon, Craig and Martin, Matthew and Stark, John and Roberts-Jones, Jonah and Fiedler, Emma and Wimmer, Werenfrid},
doi = {10.1016/j.rse.2010.10.017},
journal = {Remote Sensing of Environment},
pages = {140--158},
publisher = {Elsevier B.V.},
title = {{The Operational Sea Surface Temperature and Sea Ice Analysis (OSTIA) system}},
volume = {116},
year = {2012}
}
@article{DuffBail2005,
author = {Duffy-Anderson, Janet T and Bailey, Kevin and Ciannelli, Lorenzo and Cury, Philippe and Belgrano, Andrea and Stenseth, Nils Chr.},
doi = {https://doi.org/10.1016/j.ecocom.2004.12.002},
issn = {1476-945X},
journal = {Ecological Complexity},
number = {3},
pages = {205--218},
title = {{Phase transitions in marine fish recruitment processes}},
url = {https://www.sciencedirect.com/science/article/pii/S1476945X05000152},
volume = {2},
year = {2005}
}
@article{EcheAlbe2014,
author = {Echevin, Vincent and Albert, Aur{\'{e}}lie and L{\'{e}}vy, Marina and Graco, Michelle and Aumont, Olivier and Pi{\'{e}}tri, Alice and Garric, Gilles},
doi = {10.1016/j.csr.2013.11.015},
issn = {02784343},
journal = {Continental Shelf Research},
pages = {14--30},
publisher = {Elsevier},
title = {{Intraseasonal variability of nearshore productivity in the Northern Humboldt Current System: The role of coastal trapped waves}},
url = {http://dx.doi.org/10.1016/j.csr.2013.11.015},
volume = {73},
year = {2014}
}
@article{EcheAumo2008,
author = {Echevin, Vincent and Aumont, Olivier and Ledesma, Jes{\'{u}}s and Flores, Georgina},
doi = {10.1016/j.pocean.2008.10.026},
journal = {Progress in Oceanography},
pages = {167--176},
publisher = {Elsevier Ltd},
title = {{The seasonal cycle of surface chlorophyll in the Peruvian upwelling system: A modelling study}},
url = {http://dx.doi.org/10.1016/j.pocean.2008.10.026},
volume = {79},
year = {2008}
}
@article{EcheCola2018,
author = {Echevin, Vincent and Colas, Fran{\c{c}}ois and Espinoza-Morriberon, Dante and Vasquez, Luis and Anculle, Tony and Guti{\'{e}}rrez, Dimitri},
doi = {10.3389/fmars.2018.00367},
issn = {22967745},
journal = {Frontiers in Marine Science},
number = {OCT},
pages = {1--16},
title = {{Forcings and evolution of the 2017 Coastal El Ni{\~{n}}o Off Northern Peru and Ecuador}},
volume = {5},
year = {2018}
}
@article{EcheGeva2020,
author = {Echevin, Vincent and G{\'{e}}vaudan, Manon and Espinoza-Morriber{\'{o}}n, Dante and Tam, Jorge and Aumont, Olivier and Guti{\'{e}}rrez, Dimitri and Colas, Fran{\c{c}}ois},
doi = {10.5194/bg-17-3317-2020},
journal = {Biogeosciences},
pages = {3317--3341},
title = {{Physical and biogeochemical impacts of RCP8.5 scenario in the Peru upwelling system}},
volume = {17},
year = {2020}
}
@article{EinaRoja1963,
author = {Einarsson, H and {Rojas de Mendiola}, Blanca},
journal = {Instituto de Investigaci{\'{o}}n de los Recursos Marinos},
title = {{Descripci{\'{o}}n huevos y larvas de anchoveta peruana (Engraulis ringens J.)}},
year = {1963}
}
@article{EspiVera2009,
author = {Espinoza, Carlos and Vera, V{\'{i}}ctor and Perea, {\'{A}}ngel and Buitr{\'{o}}n, Betsy and Rojas, Pablo and Kjesbu, Olav Sigurd},
doi = {10.3856/vol37-issue2-fulltext-5},
issn = {0718560X},
journal = {Latin American Journal of Aquatic Research},
number = {2},
pages = {181--190},
title = {{Efecto de la raci{\'{o}}n alimenticia sobre la maduraci{\'{o}}n gonadal y acumulaci{\'{o}}n de grasa de anchoveta peruana (Engraulis ringens Jenyns, 1842) en cautiverio}},
volume = {37},
year = {2009}
}
@article{EspiBert2014,
author = {Espinoza, Pepe and Bertrand, Arnaud},
doi = {10.1111/jfb.12293},
journal = {Journal of Fish Biology},
pages = {422--435},
title = {{Ontogenetic and spatiotemporal variability in anchoveta Engraulis ringens diet off Peru}},
year = {2014}
}
@article{EspiBert2008,
author = {Espinoza, Pepe and Bertrand, Arnaud},
doi = {10.1016/j.pocean.2008.10.022},
journal = {Progress in Oceanography},
pages = {215--227},
title = {{Revisiting Peruvian anchovy (Engraulis ringens) trophodynamics provides a new vision of the Humboldt Current system}},
volume = {79},
year = {2008}
}
@article{EspiEche2019,
author = {Espinoza-Morriber{\'{o}}n, Dante and Echevin, Vincent and Colas, Fran{\c{c}}ois and Tam, Jorge and Guti{\'{e}}rrez, Dimitri and Graco, Michelle and Ledesma, Jes{\'{u}}s and Quispe-Ccalluari, Carlos},
doi = {10.3389/fmars.2018.00526},
issn = {22967745},
journal = {Frontiers in Marine Science},
number = {JAN},
pages = {1--20},
title = {{Oxygen variability during ENSO in the Tropical South Eastern Pacific}},
volume = {5},
year = {2019}
}
@article{EspiEche2017,
author = {Espinoza-Morriber{\'{o}}n, Dante and Echevin, Vincent and Colas, Fran{\c{c}}ois and Tam, Jorge and Ledesma, Jes{\'{u}}s and Vasquez, Luis and Graco, Michelle},
doi = {doi:10.1002/ 2016JC012439},
journal = {Journal of Geophysical Research: Oceans},
pages = {5423--5444},
title = {{Impacts of El Ni{\~{n}}o events on the Peruvian upwelling system productivity}},
volume = {122},
year = {2017}
}
@misc{EspiEche2021,
author = {Espinoza-Morriber{\'{o}}n, Dante and Echevin, Vincent and Guti{\'{e}}rrez, Dimitri and Tam, Jorge and Graco, Michelle and Ledesma, Jes{\'{u}}s and Colas, Fran{\c{c}}ois},
booktitle = {Scientific Reports},
doi = {10.1038/s41598-021-99876-8},
issn = {20452322},
number = {1},
pmid = {34645958},
title = {{Evidences and drivers of ocean deoxygenation off Peru over recent past decades}},
volume = {11},
year = {2021}
}
@book{FAO2020,
address = {Rome},
author = {FAO},
doi = {10.4060/ca9229en},
publisher = {Agriculture Organization of the United Nations},
title = {{The State of World Fisheries and Aquaculture}},
year = {2020}
}
@article{FernFarb2006,
author = {Fern{\'{a}}ndez-{\'{A}}lamo, Mar{\'{i}}a Ana and F{\"{a}}rber-Lorda, Jaime},
doi = {https://doi.org/10.1016/j.pocean.2006.03.003},
issn = {0079-6611},
journal = {Progress in Oceanography},
number = {2},
pages = {318--359},
title = {{Zooplankton and the oceanography of the eastern tropical Pacific: A review}},
url = {https://www.sciencedirect.com/science/article/pii/S007966110600036X},
volume = {69},
year = {2006}
}
@article{FerrPare2012,
author = {Ferry, N and Parent, L and Garric, G and Bricaud, C and Testut, C and {Le Galloudec}, O and Lellouche, J and Drevillon, M and Greiner, E and Barnier, B},
journal = {Mercator Oceanâ€“Quaterly Newsletter},
title = {{GLORYS2V1 global ocean reanalysis of the altimetric era (1992â€“2009) at meso scale}},
volume = {44},
year = {2012}
}
@article{FielDavi1989,
author = {Fielding, P J and Davis, C L},
issn = {0171-8630},
journal = {Marine Ecology Progress Series},
pages = {181--189},
publisher = {JSTOR},
title = {{Carbon and nitrogen resources available to kelp bed filter feeders in an upwelling environment}},
year = {1989}
}
@article{FlorLett2023,
author = {Flores-Valiente, Jorge and Lett, Christophe and Colas, Fran{\c{c}}ois and Pecquerie, Laure and Aguirre-Velarde, Arturo and Rioual, Fanny and Tam, Jorge and Bertrand, Arnaud and Ay{\'{o}}n, Patricia and Sall, Saidou and Barrier, Nicolas and Brochier, Timoth{\'{e}}e},
doi = {https://doi.org/10.1016/j.pocean.2023.103034},
issn = {0079-6611},
journal = {Progress in Oceanography},
pages = {103034},
title = {{Influence of combined temperature and food availability on Peruvian anchovy (Engraulis ringens) early life stages in the northern Humboldt Current system: A modelling approach}},
url = {https://www.sciencedirect.com/science/article/pii/S0079661123000770},
volume = {215},
year = {2023}
}
@article{FlorTam2019,
author = {Flores-Valiente, Jorge and Tam, Jorge and Brochier, Timoth{\'{e}}e and Colas, Fran{\c{c}}ois and Pecquerie, Laure and Aguirre-Velarde, Arturo and Mendo, Jaime and Lett, Christophe},
doi = {10.1016/j.seares.2018.12.003},
issn = {13851101},
journal = {Journal of Sea Research},
pages = {142--155},
publisher = {Elsevier},
title = {{Larval supply of Peruvian scallop to the marine reserve of Lobos de Tierra Island: A modeling approach}},
url = {https://doi.org/10.1016/j.seares.2018.12.003},
volume = {144},
year = {2019}
}
@article{FontSant2011,
author = {Fontes, Jorge and Santos, Ricardo and Afonso, Pedro and Caselle, Jennifer},
doi = {https://doi.org/10.1016/j.seares.2010.05.001},
issn = {1385-1101},
journal = {Journal of Sea Research},
number = {1},
pages = {1--7},
title = {{Larval growth, size, stage duration and recruitment success of a temperate reef fish}},
url = {https://www.sciencedirect.com/science/article/pii/S1385110110000699},
volume = {65},
year = {2011}
}
@article{FreoMull2003,
author = {Fr{\'{e}}on, Pierre and Mullon, Christian and Voisin, B},
doi = {10.1046/j.1365-2419.2003.00242.x},
journal = {Fisheries Oceanography},
number = {4-5},
pages = {443--457},
title = {{Investigating remote synchronous patterns in fisheries}},
volume = {12},
year = {2003}
}
@article{FreoSuei2014,
author = {Fr{\'{e}}on, Pierre and Sueiro, Juan Carlos and Iriarte, Federico and {Miro Evar}, Oscar F. and Landa, Yuri and Mittaine, Jean Fran{\c{c}}ois and Bouchon, Maril{\'{u}}},
doi = {10.1007/s11160-013-9336-4},
journal = {Reviews in Fish Biology and Fisheries},
pages = {381--398},
title = {{Harvesting for food versus feed: A review of Peruvian fisheries in a global context}},
volume = {24},
year = {2014}
}
@article{FreuHenl2019,
author = {Freund, Mandy and Henley, Benjamin and Karoly, David and McGregor, Helen and Abram, Nerilie and Dommenget, Dietmar},
doi = {10.1038/s41561-019-0353-3},
issn = {1752-0908},
journal = {Nature Geoscience},
number = {6},
pages = {450--455},
title = {{Higher frequency of Central Pacific El Ni{\~{n}}o events in recent decades relative to past centuries}},
url = {https://doi.org/10.1038/s41561-019-0353-3},
volume = {12},
year = {2019}
}
@book{Gani2014,
author = {Ganias, Konstantinos},
isbn = {1482228548},
publisher = {CRC Press},
title = {{Biology and ecology of sardines and anchovies}},
year = {2014}
}
@article{GaraKapl2014,
author = {Garavelli, Lysel and Kaplan, David Michael and Colas, Fran{\c{c}}ois and Stotz, Wolfgang and Yannicelli, Beatriz and Lett, Christophe},
doi = {10.1016/j.pocean.2014.03.011},
issn = {00796611},
journal = {Progress in Oceanography},
pages = {42--53},
publisher = {Elsevier Ltd},
title = {{Identifying appropriate spatial scales for marine conservation and management using a larval dispersal model: The case of Concholepas concholepas (loco) in Chile}},
url = {http://dx.doi.org/10.1016/j.pocean.2014.03.011},
volume = {124},
year = {2014}
}
@article{Garr2018,
author = {Garreaud, Ren{\'{e}} D.},
doi = {10.1002/joc.5426},
issn = {10970088},
journal = {International Journal of Climatology},
number = {January 2017},
pages = {e1296--e1302},
title = {{A plausible atmospheric trigger for the 2017 coastal El Ni{\~{n}}o}},
volume = {38},
year = {2018}
}
@article{GattPeti2017,
author = {Gatti, Paul and Petitgas, Pierre and Huret, Martin},
doi = {10.1016/j.ecolmodel.2016.12.018},
issn = {03043800},
journal = {Ecological Modelling},
pages = {93--109},
publisher = {Elsevier B.V.},
title = {{Comparing biological traits of anchovy and sardine in the Bay of Biscay: A modelling approach with the Dynamic Energy Budget}},
url = {http://dx.doi.org/10.1016/j.ecolmodel.2016.12.018},
volume = {348},
year = {2017}
}
@article{GawaMoni2007,
author = {Gawarkiewicz, Glen and Monismith, Stephen and Largier, John},
issn = {10428275, 2377617X},
journal = {Oceanography},
number = {3},
pages = {40--53},
publisher = {Oceanography Society},
title = {{Observing larval transport processes affecting population connectivity}},
url = {http://www.jstor.org/stable/24860095},
volume = {20},
year = {2007}
}
@article{GearDode2020,
author = {Geary, William and Bode, Michael and Doherty, Tim and Fulton, Elizabeth and Nimmo, Dale and Tulloch, Ayesha and Tulloch, Vivitskaia and Ritchie, Euan},
doi = {10.1038/s41559-020-01298-8},
journal = {Nature Ecology and Evolution},
publisher = {Springer US},
title = {{A guide to ecosystem models and their environmental applications}},
year = {2020}
}
@article{GeidLaro1994,
author = {Geider, Richard J and {La Roche}, Julie},
doi = {10.1007/BF00014588},
issn = {1573-5079},
journal = {Photosynthesis Research},
number = {3},
pages = {275--301},
title = {{The role of iron in phytoplankton photosynthesis, and the potential for iron-limitation of primary productivity in the sea}},
url = {https://doi.org/10.1007/BF00014588},
volume = {39},
year = {1994}
}
@article{Gomp1825,
author = {Gompertz, Benjamin},
issn = {0261-0523},
journal = {Philosophical transactions of the Royal Society of London},
number = {115},
pages = {513--583},
publisher = {The Royal Society London},
title = {{On the nature of the function expressive of the law of human mortality, and on a new mode of determining the value of life contingencies. In a letter to Francis Baily, Esq. FRS}},
year = {1825}
}
@article{GradChai2018,
author = {Grados, Carmen and Chaigneau, Alexis and Echevin, Vincent and Dominguez, Noel},
doi = {10.1016/j.pocean.2018.05.005},
journal = {Progress in Oceanography},
pages = {123--144},
publisher = {Elsevier},
title = {{Upper ocean hydrology of the Northern Humboldt Current System at seasonal, interannual and interdecadal scales}},
volume = {165},
year = {2018}
}
@article{GradBert2016,
author = {Grados, Daniel and Bertrand, Arnaud and Colas, Fran{\c{c}}ois and Echevin, Vincent and Chaigneau, Alexis and Guti{\'{e}}rrez, Dimitri and Vargas, Gary and Fablet, Ronan},
doi = {10.1016/j.pocean.2016.02.002},
issn = {00796611},
journal = {Progress in Oceanography},
pages = {105--116},
publisher = {Elsevier Ltd},
title = {{Spatial and seasonal patterns of fine-scale to mesoscale upper ocean dynamics in an Eastern Boundary Current System}},
url = {http://dx.doi.org/10.1016/j.pocean.2016.02.002},
volume = {142},
year = {2016}
}
@article{GradFabl2012,
author = {Grados, Daniel and Fablet, Ronan and Ball{\'{o}}n, Michael and Bez, Nicolas and Castillo, Ramiro and Lezama-Ochoa, Ainhoa and Bertrand, Arnaud},
doi = {10.1139/F2012-017},
issn = {0706652X},
journal = {Canadian Journal of Fisheries and Aquatic Sciences},
number = {4},
pages = {740--750},
title = {{Multiscale characterization of spatial relationships among oxycline depth, macrozooplankton, and forage fish off peru using geostatistics, principal coordinates of neighbour matrices (PCNMs), andwavelets}},
volume = {69},
year = {2012}
}
@article{GreeMayp2015,
annote = {https://doi.org/10.1111/brv.12155},
author = {Green, Alison and Maypa, Aileen and Almany, Glenn and Rhodes, Kevin and Weeks, Rebecca and Abesamis, Rene and Gleason, Mary and Mumby, Peter and White, Alan},
doi = {https://doi.org/10.1111/brv.12155},
issn = {1464-7931},
journal = {Biological Reviews},
number = {4},
pages = {1215--1247},
publisher = {John Wiley & Sons, Ltd},
title = {{Larval dispersal and movement patterns of coral reef fishes, and implications for marine reserve network design}},
url = {https://doi.org/10.1111/brv.12155},
volume = {90},
year = {2015}
}
@article{GreeFish2004,
author = {Green, Bridget S and Fisher, Rebecca},
doi = {https://doi.org/10.1016/j.jembe.2003.09.001},
issn = {0022-0981},
journal = {Journal of Experimental Marine Biology and Ecology},
number = {1},
pages = {115--132},
title = {{Temperature influences swimming speed, growth and larval duration in coral reef fish larvae}},
url = {https://www.sciencedirect.com/science/article/pii/S0022098103004404},
volume = {299},
year = {2004}
}
@article{GrimBerg2006,
author = {Grimm, Volker and Berger, Uta and Bastiansen, Finn and Eliassen, Sigrunn and Ginot, Vincent and Giske, Jarl and Goss-Custard, John and Grand, Tamara and Heinz, Simone K. and Huse, Geir and Huth, Andreas and Jepsen, Jane U. and J{\o}rgensen, Christian and Mooij, Wolf M. and M{\"{u}}ller, Birgit and Pe'er, Guy and Piou, Cyril and Railsback, Steven F. and Robbins, Andrew M. and Robbins, Martha M. and Rossmanith, Eva and R{\"{u}}ger, Nadja and Strand, Espen and Souissi, Sami and Stillman, Richard A. and Vab{\o}, Rune and Visser, Ute and DeAngelis, Donald},
doi = {10.1016/j.ecolmodel.2006.04.023},
journal = {Ecological Modelling},
pages = {115--126},
title = {{A standard protocol for describing individual-based and agent-based models}},
volume = {198},
year = {2006}
}
@article{GrimBerg2010,
author = {Grimm, Volker and Berger, Uta and DeAngelis, Donald and Polhill, J. Gary and Giske, Jarl and Railsback, Steven F.},
doi = {10.1016/j.ecolmodel.2010.08.019},
journal = {Ecological Modelling},
pages = {2760--2768},
publisher = {Elsevier B.V.},
title = {{The ODD protocol: A review and first update}},
volume = {221},
year = {2010}
}
@article{GrubLach2011,
author = {Gruber, Nicolas and Lachkar, Zouhair and Frenzel, Hartmut and Marchesiello, Patrick and M{\"{u}}nnich, Matthias and McWilliams, James C and Nagai, Takeyoshi and Plattner, Gian-Kasper},
doi = {10.1038/ngeo1273},
issn = {1752-0908},
journal = {Nature Geoscience},
number = {11},
pages = {787--792},
title = {{Eddy-induced reduction of biological production in eastern boundary upwelling systems}},
url = {https://doi.org/10.1038/ngeo1273},
volume = {4},
year = {2011}
}
@article{GutiAkes2016,
author = {Guti{\'{e}}rrez, Dimitri and Akester, Michael and Naranjo, Laura},
doi = {10.1016/j.envdev.2015.11.004},
journal = {Environmental Development},
pages = {126--144},
title = {{Productivity and sustainable management of the Humboldt current large marine ecosystem under climate change}},
volume = {17},
year = {2016}
}
@article{GutiCast2012,
author = {Guti{\'{e}}rrez, Mariano and Castillo, Ramiro and Segura, Marceliano and Peraltilla, Salvador and Flores, Miguel},
journal = {Latin American Journal of Aquatic Research},
pages = {633--648},
title = {{Trends in spatio-temporal distribution of Peruvian anchovy and other small pelagic fish biomass from 1966-2009}},
url = {http://lajar.ucv.cl/index.php/rlajar/article/view/vol40-issue3-fulltext-12},
volume = {40},
year = {2012}
}
@article{GutiSwar2007,
author = {Guti{\'{e}}rrez, Mariano and Dordon, Swartzman and Bertrand, Arnaud and Bertrand, Sophie},
doi = {10.1111/j.1365-2419.2006.00422.x},
journal = {Fisheries Oceanography},
number = {2},
pages = {155--168},
title = {{Anchovy (Engraulis ringens) and sardine (Sardinops sagax) spatial dynamics and aggregation patterns in the Humboldt Current ecosystem, Peru, from 1983-2003}},
volume = {16},
year = {2007}
}
@article{GutiRami2008,
author = {Guti{\'{e}}rrez, Mariano and Ramirez, Argiro and Bertrand, Sophie and M{\'{o}}ron, Octavio and Bertrand, Arnaud},
doi = {10.1016/j.pocean.2008.10.019},
issn = {00796611},
journal = {Progress in Oceanography},
number = {2-4},
pages = {256--263},
publisher = {Elsevier Ltd},
title = {{Ecological niches and areas of overlap of the squat lobster 'munida' (Pleuroncodes monodon) and anchoveta (Engraulis ringens) off Peru}},
url = {http://dx.doi.org/10.1016/j.pocean.2008.10.019},
volume = {79},
year = {2008}
}
@article{Hamb1994,
author = {Hamby, D M},
doi = {10.1007/BF00547132},
issn = {1573-2959},
journal = {Environmental Monitoring and Assessment},
number = {2},
pages = {135--154},
title = {{A review of techniques for parameter sensitivity analysis of environmental models}},
url = {https://doi.org/10.1007/BF00547132},
volume = {32},
year = {1994}
}
@incollection{Have1995,
author = {Havenhand, Jon},
booktitle = {Ecology of Marine Invertebrate Larvae},
doi = {10.1201/9780138758950-3},
isbn = {9780138758950},
pages = {79--122},
publisher = {CRC Press},
title = {{Evolutionary ecology of larval types}},
url = {https://www.taylorfrancis.com/chapters/edit/10.1201/9780138758950-3/evolutionary-ecology-larval-types-jon-havenhand},
year = {1995}
}
@article{HiltAucl2020,
author = {Hilt, Margaux and Auclair, Francis and Benshila, Rachid and Bordois, Lucie and Capet, Xavier and Debreu, Laurent and Dumas, Franck and Jullien, Swen and Lemari{\'{e}}, Florian and Marchesiello, Patrick and Nguyen, Cyril and Roblou, Laurent},
doi = {10.1016/j.ocemod.2020.101642},
journal = {Ocean Modelling},
pages = {1--16},
publisher = {Elsevier Ltd.},
title = {{Numerical modelling of hydraulic control, solitary waves and primary instabilities in the Strait of Gibraltar}},
volume = {151},
year = {2020}
}
@inproceedings{Hjor1914,
author = {Hjort, Johan},
isbn = {0074-4336},
publisher = {ICES},
title = {{Fluctuations in the great fisheries of northern Europe viewed in the light of biological research}},
year = {1914}
}
@article{Houd2008,
author = {Houde, Edward},
doi = {10.2960/J.v41.m634},
journal = {Journal of Northwest Atlantic Fishery Science},
pages = {53--70},
title = {{Emerging from Hjort's shadow}},
volume = {41},
year = {2008}
}
@article{HuHuan2019,
author = {Hu, Zeng-Zhen and Huang, Bohua and Zhu, Jieshun and Kumar, Arun and McPhaden, Michael J},
doi = {10.1007/s00382-018-4290-4},
issn = {1432-0894},
journal = {Climate Dynamics},
number = {12},
pages = {7537--7552},
title = {{On the variety of coastal El Ni{\~{n}}o events}},
url = {https://doi.org/10.1007/s00382-018-4290-4},
volume = {52},
year = {2019}
}
@article{HutcBoyd2016,
author = {Hutchins, David and Boyd, P},
doi = {10.1038/nclimate3147},
issn = {1758-6798},
journal = {Nature Climate Change},
number = {12},
pages = {1072--1079},
title = {{Marine phytoplankton and the changing ocean iron cycle}},
url = {https://doi.org/10.1038/nclimate3147},
volume = {6},
year = {2016}
}
@article{HutcHare2002,
annote = {https://doi.org/10.4319/lo.2002.47.4.0997},
author = {Hutchins, David and Hare, C and Weaver, R and Zhang, Y and Firme, G and DiTullio, G and Alm, M and Riseman, S and Maucher, J and Geesey, M and Trick, C and Smith, G and Rue, E and Conn, J and Bruland, K},
doi = {https://doi.org/10.4319/lo.2002.47.4.0997},
issn = {0024-3590},
journal = {Limnology and Oceanography},
month = {jul},
number = {4},
pages = {997--1011},
publisher = {John Wiley & Sons, Ltd},
title = {{Phytoplankton iron limitation in the Humboldt Current and Peru Upwelling}},
url = {https://doi.org/10.4319/lo.2002.47.4.0997},
volume = {47},
year = {2002}
}
@article{HutcSedw2001,
author = {Hutchins, David and Sedwick, P and DiTullio, G and Boyd, P and Qu{\'{e}}guiner, B and Griffiths, F B and Crossley, C},
doi = {https://doi.org/10.1029/2000JC000333},
issn = {0148-0227},
journal = {Journal of Geophysical Research: Oceans},
month = {dec},
number = {C12},
pages = {31559--31572},
publisher = {John Wiley & Sons, Ltd},
title = {{Control of phytoplankton growth by iron and silicic acid availability in the subantarctic Southern Ocean: Experimental results from the SAZ Project}},
url = {https://doi.org/10.1029/2000JC000333},
volume = {106},
year = {2001}
}
@article{Inga2008,
author = {Ingalls, Brian},
doi = {10.1042/bse0450177},
editor = {Wolkenhauer, Olaf and Wellstead, Peter and Cho, Kwang-Hyun},
issn = {0071-1365},
journal = {Essays in Biochemistry},
month = {sep},
pages = {177--194},
title = {{Sensitivity analysis: from model parameters to system behaviour}},
url = {https://doi.org/10.1042/bse0450177},
volume = {45},
year = {2008}
}
@article{JohnBjor2001,
author = {Johnsson, J I and Bj{\"{o}}rnsson, B T H},
doi = {https://doi.org/10.1046/j.0269-8463.2001.00566.x},
issn = {0269-8463},
journal = {Functional Ecology},
number = {5},
pages = {654--659},
publisher = {John Wiley & Sons, Ltd},
title = {{Growth-enhanced fish can be competitive in the wild}},
url = {https://doi.org/10.1046/j.0269-8463.2001.00566.x},
volume = {15},
year = {2001}
}
@article{Judk1980,
author = {Judkins, David C},
issn = {0198-0149},
journal = {Deep Sea Research Part A. Oceanographic Research Papers},
number = {6},
pages = {475--487},
publisher = {Elsevier},
title = {{Vertical distribution of zooplankton in relation to the oxygen minimum off Peru}},
volume = {27},
year = {1980}
}
@article{JusuKlan2011,
author = {Jusup, Marko and Klanjscek, Tin and Matsuda, Hiroyuki and Kooijman, S. A. L. M.},
doi = {10.1371/journal.pone.0021903},
issn = {19326203},
journal = {PLoS ONE},
number = {7},
pmid = {21779352},
title = {{A full lifecycle bioenergetic model for bluefin tuna}},
volume = {6},
year = {2011}
}
@article{JusuSous2017,
author = {Jusup, Marko and Sousa, T{\^{a}}nia and Domingos, Tiago and Labinac, Velimir and Marn, Nina and Wang, Zhen and Klanj{\v{s}}{\v{c}}ek, Tin},
doi = {10.1016/j.plrev.2016.09.001},
file = {:C\:/Users/jflores/Documents/JORGE/BIBLIOGRAFIA/ARTICULOS_CIENTIFICIOS/J/Jusup et al 2017 Physics of metabolic organization.pdf:pdf},
issn = {15710645},
journal = {Physics of Life Reviews},
pages = {1--39},
pmid = {27720138},
title = {{Physics of metabolic organization}},
volume = {20},
year = {2017}
}
@inbook{KampCap2,
author = {K{\"{a}}mpf, Jochen and Chapman, Piers},
booktitle = {Upwelling Systems of the World: A Scientific Journey to the Most Productive Marine Ecosystems},
chapter = {2},
pages = {31--65},
publisher = {Springer International Publishing},
title = {{The Functioning of Coastal Upwelling Systems}},
year = {2016}
}
@incollection{KampCap5,
author = {K{\"{a}}mpf, Jochen and Chapman, Piers},
booktitle = {Upwelling Systems of the World: A Scientific Journey to the Most Productive Marine Ecosystems},
chapter = {5},
pages = {161--201},
publisher = {Springer International Publishing},
title = {{The Peruvian-Chilean coastal upwelling system}},
year = {2016}
}
@article{KlinFros1991,
author = {Klingenberg, Christian Peter and Froese, Rainer},
doi = {10.1093/sysbio/40.4.410},
issn = {1063-5157},
journal = {Systematic Biology},
month = {dec},
number = {4},
pages = {410--419},
title = {{A multivariate comparison of allometric growth patterns}},
url = {https://doi.org/10.1093/sysbio/40.4.410},
volume = {40},
year = {1991}
}
@article{Kooi2020,
author = {Kooijman, S. A. L. M.},
doi = {https://doi.org/10.1016/j.ecolmodel.2020.109106},
issn = {0304-3800},
journal = {Ecological Modelling},
pages = {109106},
title = {{The standard dynamic energy budget model has no plausible alternatives}},
url = {https://www.sciencedirect.com/science/article/pii/S0304380020301782},
volume = {428},
year = {2020}
}
@book{Kooi2009,
address = {Cambridge},
author = {Kooijman, S. A. L. M.},
doi = {10.1017/CBO9780511805400},
edition = {3},
publisher = {Cambridge University Press},
title = {{Dynamic Energy Budget Theory for Metabolic Organisation}},
url = {https://www.cambridge.org/core/books/dynamic-energy-budget-theory-for-metabolic-organisation/A50EC7C47CEAEE4100A24BE0DAD537DB},
year = {2009}
}
@article{Kooi2014,
author = {Kooijman, S. A. L. M.},
doi = {10.1016/j.seares.2014.06.005},
issn = {13851101},
journal = {Journal of Sea Research},
pages = {128--137},
publisher = {Elsevier B.V.},
title = {{Metabolic acceleration in animal ontogeny: An evolutionary perspective}},
url = {http://dx.doi.org/10.1016/j.seares.2014.06.005},
volume = {94},
year = {2014}
}
@article{KooiPecq2011,
author = {Kooijman, S. A. L. M. and Pecquerie, L. and Augustine, Starrlight and Jusup, M.},
doi = {10.1016/j.seares.2011.04.016},
issn = {13851101},
journal = {Journal of Sea Research},
number = {4},
pages = {419--423},
publisher = {Elsevier B.V.},
title = {{Scenarios for acceleration in fish development and the role of metamorphosis}},
url = {http://dx.doi.org/10.1016/j.seares.2011.04.016},
volume = {66},
year = {2011}
}
@article{KooiLika2014,
author = {Kooijman, Sebastiaan A.L.M. and Lika, Konstadia},
doi = {10.1016/j.seares.2014.01.015},
issn = {13851101},
journal = {Journal of Sea Research},
pages = {19--28},
publisher = {Elsevier B.V.},
title = {{Comparative energetics of the 5 fish classes on the basis of dynamic energy budgets}},
url = {http://dx.doi.org/10.1016/j.seares.2014.01.015},
volume = {94},
year = {2014}
}
@article{KroeSanc2019,
author = {Kroetz, Kailin and Sanchirico, James N and {Galarza Contreras}, Elsa and {Corderi Novoa}, David and Collado, Nestor and Swiedler, Elaine W},
doi = {https://doi.org/10.1016/j.marpol.2018.11.008},
issn = {0308-597X},
journal = {Marine Policy},
pages = {15--24},
title = {{Examination of the Peruvian Anchovy Individual Vessel Quota (IVQ) system}},
url = {https://www.sciencedirect.com/science/article/pii/S0308597X17308539},
volume = {101},
year = {2019}
}
@misc{KulkPlat2020,
author = {Kulk, Gemma and Platt, Trevor and Dingle, James and Jackson, Thomas and J{\"{o}}nsson, Bror and Bouman, Heather and Babin, Marcel and Brewin, Robert and Doblin, Martina and Estrada, Marta and Figueiras, Francisco and Furuya, Ken and Gonz{\'{a}}lez-Ben{\'{i}}tez, Natalia and Gudfinnsson, Hafsteinn and Gudmundsson, Kristinn and Huang, Bangqin and Isada, Tomonori and Kova{\v{c}}, {\v{Z}}arko and Lutz, Vivian and Mara{\~{n}}{\'{o}}n, Emilio and Raman, Mini and Richardson, Katherine and Rozema, Patrick and van de Poll, Willem H and Segura, Valeria and Tilstone, Gavin and Uitz, Julia and Dongen-Vogels, Virginie and Yoshikawa, Takashi and Sathyendranath, Shubha},
booktitle = {Remote Sensing},
doi = {10.3390/rs12050826},
isbn = {2072-4292},
number = {5},
title = {{Primary Production, an Index of Climate Change in the Ocean: Satellite-Based Estimates over Two Decades}},
volume = {12},
year = {2020}
}
@article{Lask1981,
author = {Lasker, Reuben},
journal = {Marine fish larvae: morphology, ecology and relation to fisheries},
pages = {79--87},
title = {{The role of a stable ocean in larval fish survival and subsequent recruitment}},
year = {1981}
}
@misc{Leis2021,
author = {Leis, Jeffrey},
booktitle = {Oceans},
doi = {10.3390/oceans2010001},
isbn = {2673-1924},
number = {1},
pages = {1--25},
title = {{Perspectives on Larval Behaviour in Biophysical Modelling of Larval Dispersal in Marine, Demersal Fishes}},
volume = {2},
year = {2021}
}
@article{LettAyat2010,
author = {Lett, Christophe and Ayata, Sakina and Huret, Martin and Irisson, Jean Olivier},
doi = {10.1016/j.pocean.2010.09.005},
issn = {00796611},
journal = {Progress in Oceanography},
number = {1-4},
pages = {106--113},
publisher = {Elsevier Ltd},
title = {{Biophysical modelling to investigate the effects of climate change on marine population dispersal and connectivity}},
url = {http://dx.doi.org/10.1016/j.pocean.2010.09.005},
volume = {87},
year = {2010}
}
@article{LettPenv2007,
author = {Lett, Christophe and Penven, Pierrick and Ay{\'{o}}n, Patricia and Fr{\'{e}}on, Pierre},
doi = {10.1016/j.jmarsys.2006.03.012},
journal = {Journal of Marine Systems},
pages = {189--200},
title = {{Enrichment, concentration and retention processes in relation to anchovy (Engraulis ringens) eggs and larvae distributions in the northern Humboldt upwelling ecosystem}},
volume = {64},
year = {2007}
}
@article{LettRoy2006,
author = {Lett, Christophe and Roy, Claude and Levasseur, Anne and {Van Der Lingen}, Carl D. and Mullon, Christian},
doi = {10.1111/j.1365-2419.2005.00392.x},
journal = {Fisheries Oceanography},
number = {5},
pages = {363--372},
title = {{Simulation and quantification of enrichment and retention processes in the southern Benguela upwelling ecosystem}},
volume = {15},
year = {2006}
}
@article{LettVerl2008,
author = {Lett, Christophe and Verley, Philippe and Mullon, Christian and Parada, Carolina and Brochier, Timoth{\'{e}}e and Penven, Pierrick and Blanke, Bruno},
doi = {10.1016/j.envsoft.2008.02.005},
journal = {Environmental Modelling and Software},
pages = {1210--1214},
title = {{A Lagrangian tool for modelling ichthyoplankton dynamics}},
volume = {23},
year = {2008}
}
@article{Levi2006,
author = {Levin, Lisa},
doi = {10.1093/icb/icj024},
issn = {15407063},
journal = {Integrative and Comparative Biology},
number = {3},
pages = {282--297},
title = {{Recent progress in understanding larval dispersal: New directions and digressions}},
volume = {46},
year = {2006}
}
@article{Levi1990,
author = {Levin, Lisa},
doi = {10.1080/00785236.1990.10422028},
issn = {00785326},
journal = {Ophelia},
number = {1-2},
pages = {115--144},
title = {{A review of methods for labeling and tracking marine invertebrate larvae}},
volume = {32},
year = {1990}
}
@article{LikaKooi2014,
author = {Lika, Konstadia and Kooijman, S. A. L. M. and Papandroulakis, Nikos},
doi = {10.1016/j.seares.2013.12.012},
issn = {13851101},
journal = {Journal of Sea Research},
pages = {37--46},
publisher = {Elsevier B.V.},
title = {{Metabolic acceleration in Mediterranean Perciformes}},
url = {http://dx.doi.org/10.1016/j.seares.2013.12.012},
volume = {94},
year = {2014}
}
@article{LiuZhan2023,
author = {Liu, Yiwen and Zhang, Chongliang and Wei, Xiujin and Xu, Binduo and Xue, Ying and Ren, Yiping and Chen, Yong},
doi = {https://doi.org/10.1111/faf.12776},
issn = {1467-2960},
journal = {Fish and Fisheries},
month = {nov},
number = {6},
pages = {924--939},
publisher = {John Wiley & Sons, Ltd},
title = {{Coupling dynamic energy budget and population dynamic models to inform stock enhancement in fisheries management}},
url = {https://doi.org/10.1111/faf.12776},
volume = {24},
year = {2023}
}
@article{LlopCowe2014,
author = {Llopiz, Joel and Cowen, Robert and Hauff, Martha and Ji, Rubao and Munday, Philip and Muhling, Barbara and Peck, Myron and Richardson, David and Sogard, Susan and Sponaugle, Su},
issn = {10428275, 2377617X},
journal = {Oceanography},
month = {oct},
number = {4},
pages = {26--41},
publisher = {Oceanography Society},
title = {{Early life history and fisheries oceanography}},
url = {http://www.jstor.org/stable/24862210},
volume = {27},
year = {2014}
}
@article{LopeNajj2021,
author = {L{\'{o}}pez, Alexander G and Najjar, Raymond G and Friedrichs, Marjorie A M and Hickner, Michael A and Wardrop, Denice H},
journal = {Frontiers in Marine Science},
number = {715924},
title = {{Estuaries as filters for riverine microplastics: Simulations in a large, coastal-plain estuary}},
volume = {26},
year = {2021}
}
@article{MajlDela2017,
author = {Majluf, Patricia and {De la Puente}, Santiago and Christensen, Villy},
doi = {10.1111/faf.12206},
issn = {14672979},
journal = {Fish and Fisheries},
number = {4},
pages = {772--777},
title = {{The little fish that can feed the world}},
volume = {18},
year = {2017}
}
@article{MarcSomm1999,
author = {Marcus, Joyce and Sommer, Jeffrey D and Glew, Christopher P},
issn = {0027-8424},
journal = {Proceedings of the National Academy of Sciences},
number = {11},
pages = {6564--6570},
publisher = {National Acad Sciences},
title = {{Fish and mammals in the economy of an ancient Peruvian kingdom}},
volume = {96},
year = {1999}
}
@incollection{Marg1978,
author = {Margalef, R},
booktitle = {Upwelling Ecosystems},
editor = {Boje, Rolf and Tomczak, Matthias},
pages = {12--14},
publisher = {Springer Berlin Heidelberg},
title = {{What is an Upwelling Ecosystem?}},
year = {1978}
}
@article{MarqAugu2018,
author = {Marques, Gon{\c{c}}alo M. and Augustine, Starrlight and Lika, Konstadia and Pecquerie, Laure and Domingos, Tiago and Kooijman, S. A. L. M.},
doi = {10.1371/journal.pcbi.1006100},
isbn = {1111111111},
issn = {15537358},
journal = {PLoS Computational Biology},
number = {5},
pages = {1--23},
pmid = {29742099},
title = {{The AmP project: Comparing species on the basis of dynamic energy budget parameters}},
volume = {14},
year = {2018}
}
@article{MarqLika2019,
author = {Marques, Gon{\c{c}}alo M. and Lika, Konstadia and Augustine, Starrlight and Pecquerie, Laure and Kooijman, S. A. L. M.},
doi = {10.1016/j.seares.2018.07.004},
issn = {13851101},
journal = {Journal of Sea Research},
number = {July 2018},
pages = {48--56},
publisher = {Elsevier},
title = {{Fitting multiple models to multiple data sets}},
url = {https://doi.org/10.1016/j.seares.2018.07.004},
volume = {143},
year = {2019}
}
@article{MartJage2013,
annote = {doi: 10.1086/669904},
author = {Martin, Benjamin T and Jager, Tjalling and Nisbet, Roger M and Preuss, Thomas G and Grimm, Volker},
doi = {10.1086/669904},
issn = {0003-0147},
journal = {The American Naturalist},
month = {apr},
number = {4},
pages = {506--519},
publisher = {The University of Chicago Press},
title = {{Predicting Population Dynamics from the Properties of Individuals: A Cross-Level Test of Dynamic Energy Budget Theory.}},
url = {https://doi.org/10.1086/669904},
volume = {181},
year = {2013}
}
@article{MartZimm2012,
author = {Martin, Benjamin T and Zimmer, Elke I and Grimm, Volker and Jager, Tjalling},
doi = {https://doi.org/10.1111/j.2041-210X.2011.00168.x},
issn = {2041-210X},
journal = {Methods in Ecology and Evolution},
month = {apr},
number = {2},
pages = {445--449},
publisher = {John Wiley & Sons, Ltd},
title = {{Dynamic Energy Budget theory meets individual-based modelling: a generic and accessible implementation}},
url = {https://doi.org/10.1111/j.2041-210X.2011.00168.x},
volume = {3},
year = {2012}
}
@article{MarzShin2009,
author = {Marzloff, Martin and Shin, Yunne Jai and Tam, Jorge and Travers, Morgane and Bertrand, Arnaud},
doi = {10.1016/j.jmarsys.2008.10.009},
issn = {09247963},
journal = {Journal of Marine Systems},
number = {1-2},
pages = {290--304},
publisher = {Elsevier B.V.},
title = {{Trophic structure of the Peruvian marine ecosystem in 2000-2006: Insights on the effects of management scenarios for the hake fishery using the IBM trophic model Osmose}},
url = {http://dx.doi.org/10.1016/j.jmarsys.2008.10.009},
volume = {75},
year = {2009}
}
@article{MasoMole2010,
author = {Mason, Evan and Molemaker, Jeroen and Shchepetkin, Alexander F. and Colas, Fran{\c{c}}ois and McWilliams, James C. and Sangr{\`{a}}, Pablo},
doi = {10.1016/j.ocemod.2010.05.007},
journal = {Ocean Modelling},
pages = {1--15},
publisher = {Elsevier Ltd},
title = {{Procedures for offline grid nesting in regional ocean models}},
volume = {35},
year = {2010}
}
@article{MaunThor2019,
author = {Maunder, Mark N and Thorson, James T},
doi = {https://doi.org/10.1016/j.fishres.2018.12.014},
issn = {0165-7836},
journal = {Fisheries Research},
pages = {71--86},
title = {{Modeling temporal variation in recruitment in fisheries stock assessment: A review of theory and practice}},
url = {https://www.sciencedirect.com/science/article/pii/S0165783618303564},
volume = {217},
year = {2019}
}
@article{MeekVigl2006,
annote = {10.3354/meps317237},
author = {Meekan, M G and Vigliola, L and Hansen, A and Doherty, P J and Halford, A and Carleton, J H},
journal = {Marine Ecology Progress Series},
pages = {237--244},
title = {{Bigger is better: size-selective mortality throughout the life history of a fast-growing clupeid, Spratelloides gracilis}},
url = {https://www.int-res.com/abstracts/meps/v317/p237-244/},
volume = {317},
year = {2006}
}
@misc{Mend1991,
author = {Mendo, Jaime},
title = {{Stock identification of Peruvian anchoveta (Engraulis ringens): morphometric, tagging/recapture, electrophoretic and ecological studies}},
year = {1991}
}
@article{MenuPecq2023,
author = {Menu, Clara and Pecquerie, Laure and Bacher, Cedric and Doray, Mathieu and Hattab, Tarek and van der Kooij, Jeroen and Huret, Martin},
doi = {10.1016/j.pocean.2022.102943},
issn = {00796611},
journal = {Progress in Oceanography},
number = {May 2022},
pages = {102943},
publisher = {Elsevier Ltd},
title = {{Testing the bottom-up hypothesis for the decline in size of anchovy and sardine across European waters through a bioenergetic modeling approach}},
url = {https://doi.org/10.1016/j.pocean.2022.102943},
volume = {210},
year = {2023}
}
@article{MessChav2015,
author = {Messi{\'{e}}, Monique and Chavez, Francisco},
doi = {10.1016/j.pocean.2014.10.011},
journal = {Progress in Oceanography},
pages = {1--18},
publisher = {Elsevier Ltd},
title = {{Seasonal regulation of primary production in eastern boundary upwelling systems}},
url = {http://dx.doi.org/10.1016/j.pocean.2014.10.011},
volume = {134},
year = {2015}
}
@article{MessChav2017,
author = {Messi{\'{e}}, Monique and Chavez, Francisco},
doi = {10.1002/2017GL074322},
journal = {Geophysical Research Letters},
pages = {8979--8986},
title = {{Nutrient supply, surface currents, and plankton dynamics predict zooplankton hotspots in coastal upwelling systems}},
volume = {44},
year = {2017}
}
@article{MillCrow1988,
author = {Miller, T. J. and Crowder, L. B. and Rice, J. A. and Marschall, E. A.},
doi = {10.1139/f88-197},
issn = {0706-652X},
journal = {Canadian Journal of Fisheries and Aquatic Sciences},
number = {9},
pages = {1657--1670},
title = {{Larval size and recruitment mechanisms in fishes: toward a conceptual framework}},
volume = {45},
year = {1988}
}
@article{Miller2007,
author = {Miller, Thomas and Crowder, Larry and Rice, James and Marschall, Elizabeth},
doi = {10.3354/meps06973},
issn = {01718630},
journal = {Marine Ecology Progress Series},
number = {1995},
pages = {127--138},
title = {{Contribution of individual-based coupled physical-biological models to understanding recruitment in marine fish populations}},
volume = {347},
year = {2007}
}
@book{Mill2012,
author = {Mills, Eric},
isbn = {1442613726},
publisher = {University of Toronto Press},
title = {{Biological oceanography: An early history, 1870-1960}},
year = {2012}
}
@article{Mina1968,
author = {Mi{\~{n}}ano, Jorge},
journal = {Bolet{\'{i}}n del Instituto del Mar del Per{\'{u}}},
number = {9},
pages = {505--553},
title = {{Estudio de la fecundiadad y ciclo sexual de la anchoveta (Engraulis ringens. J.) en la zona de Chimbote}},
url = {https://repositorio.imarpe.gob.pe/handle/20.500.12958/1071},
volume = {1},
year = {1968}
}
@article{MontPurc2003,
author = {Montecinos, A. and Purca, S. and Pizarro, O.},
doi = {10.1029/2003GL017345},
issn = {00948276},
journal = {Geophysical Research Letters},
number = {11},
title = {{Interannual-to-interdecadal sea surface temperature variability along the western coast of South America}},
volume = {30},
year = {2003}
}
@article{MontCola2010,
author = {Montes, Ivonne and Colas, Fran{\c{c}}ois and Capet, Xavier and Schneider, Wolfgang},
doi = {10.1029/2009JC005710},
journal = {Journal of Geophysical Research: Oceans},
pages = {1--16},
title = {{On the pathways of the equatorial subsurface currents in the eastern equatorial Pacific and their contributions to the Peru-Chile Undercurrent}},
volume = {115},
year = {2010}
}
@article{MoorMils2013,
author = {Moore, Mark and Mills, Matthew and Arrigo, K and Berman-Frank, Ilana and Bopp, Laurent and Boyd, Philip and Galbraith, Eric and Geider, Richard and Guieu, C{\'{e}}cile and Jaccard, Samuel and Jickells, T D and {La Roche}, Julie and Lenton, T M and Mahowald, Natalie and Mara{\~{n}}{\'{o}}n, Emilio and Marinov, Irina and Moore, J K and Nakatsuka, T and Oschlies, Andreas and Saito, Mak and Thingstad, Frede and Tsuda, A and Ulloa, Osvaldo},
doi = {10.1038/ngeo1765},
issn = {1752-0908},
journal = {Nature Geoscience},
number = {9},
pages = {701--710},
title = {{Processes and patterns of oceanic nutrient limitation}},
url = {https://doi.org/10.1038/ngeo1765},
volume = {6},
year = {2013}
}
@incollection{Mora1989,
author = {Morales-Nin, Beatriz},
booktitle = {The Peruvian upwelling ecosystem: dynamics and interactions},
editor = {Pauly, Daniel and Muck, Peter and Mendo, Jaime and Tsukayama, I},
pages = {179--188},
publisher = {ICLARM},
title = {{Age and growth of the southern stock of Peruvian anchoveta based on otolith microstructures and length-frequency analysis}},
volume = {18},
year = {1989}
}
@article{MoreClar2011,
author = {Moreno, P. and Claramunt, Gabriel and Castro, Leonardo},
doi = {10.1111/j.1095-8649.2010.02894.x},
journal = {Journal of Fish Biology},
pages = {825--837},
title = {{Transition period from larva to juvenile in anchoveta Engraulis ringens. Length or age related?}},
volume = {78},
year = {2011}
}
@article{MoseSmit1993,
author = {Moser, H Geoffrey and Smith, Paul E},
journal = {Bull. Mar. Sci},
number = {2},
pages = {283--289},
title = {{Larval fish assemblages and oceanic boundaries}},
volume = {53},
year = {1993}
}
@article{Murp1920,
author = {Murphy, Robert Cushman},
issn = {25787632},
journal = {The Brooklyn Museum Quarterly},
month = {oct},
number = {2},
pages = {69--95},
publisher = {Brooklyn Museum},
title = {{The seacoast and islands of Peru. I}},
url = {http://www.jstor.org/stable/26459321},
volume = {7},
year = {1920}
}
@article{NaraPaul2010,
author = {Narayan, N. and Paul, A. and Mulitza, S. and Schulz, M.},
doi = {10.5194/os-6-815-2010},
issn = {18120784},
journal = {Ocean Science},
number = {3},
pages = {815--823},
title = {{Trends in coastal upwelling intensity during the late 20th century}},
volume = {6},
year = {2010}
}
@book{NAP25303,
address = {Washington, DC},
author = {{National Academies of Sciences Engineering and Medicine}},
doi = {10.17226/25303},
isbn = {978-0-309-48616-3},
publisher = {The National Academies Press},
title = {{Reproducibility and Replicability in Science}},
url = {https://nap.nationalacademies.org/catalog/25303/reproducibility-and-replicability-in-science},
year = {2019}
}
@article{NisbMull2000,
author = {Nisbet, R. M. and Muller, E. B. and Lika, Konstadia and Kooijman, S. A. L. M.},
doi = {10.1046/j.1365-2656.2000.00448.x},
issn = {00218790},
journal = {Journal of Animal Ecology},
number = {6},
pages = {913--926},
title = {{From molecules to ecosystems through dynamic energy budget models}},
volume = {69},
year = {2000}
}
@article{NisbJusu2012,
author = {Nisbet, Roger M. and Jusup, Marko and Klanjscek, Tin and Pecquerie, Laure},
doi = {10.1242/jeb.059675},
issn = {00220949},
journal = {Journal of Experimental Biology},
number = {6},
pages = {892--902},
pmid = {22357583},
title = {{Integrating dynamic energy budget (DEB) theory with traditional bioenergetic models}},
volume = {215},
year = {2012}
}
@article{NocrShaw1984,
annote = {doi: 10.1577/1548-8659(1984)1132.0.CO;2},
author = {Norcross, Brenda L and Shaw, Richard F},
journal = {Transactions of the American Fisheries Society},
number = {2},
pages = {153--165},
publisher = {Taylor & Francis},
title = {{Oceanic and Estuarine Transport of Fish Eggs and Larvae: A Review}},
volume = {113},
year = {1984}
}
@article{NordJoha2011,
annote = {10.3354/meps09232},
author = {Nordeide, Jarle and Johansen, Steinar and J{\o}rgensen, Tor and Karlsen, Bard and Moum, Truls},
journal = {Marine Ecology Progress Series},
pages = {269--283},
title = {{Population connectivity among migratory and stationary cod Gadus morhua in the Northeast Atlanticâ€”A review of 80 years of study}},
url = {https://www.int-res.com/abstracts/meps/v435/p269-283/},
volume = {435},
year = {2011}
}
@article{OerdCola2015,
author = {Oerder, Vera and Colas, Fran{\c{c}}ois and Echevin, Vincent and Codron, Francis and Tam, Jorge and Belmadani, Ali},
doi = {10.1002/2014JC010299},
journal = {Journal of Geophysical Research: Oceans},
pages = {1152--1172},
title = {{Peru-Chile upwelling dynamics under climate change}},
volume = {120},
year = {2015}
}
@article{OfelMoya2023,
author = {Ofelio, Claudia and Moyano, Marta and Sswat, Michael and Rioual, Fanny and Moullec, Fabien and Aguirre-Velarde, Arturo and Peck, Myron A},
issn = {2045-2322},
journal = {Scientific Reports},
number = {1},
pages = {16001},
publisher = {Nature Publishing Group UK London},
title = {{Temperature and prey density drive growth and otolith formation of the world's most valuable fish stock}},
volume = {13},
year = {2023}
}
@article{Ogil1912,
author = {Ogilvie, Alan G},
doi = {10.2307/1778192},
issn = {00167398, 14754959},
journal = {The Geographical Journal},
month = {oct},
number = {6},
pages = {554--570},
publisher = {[Wiley, Royal Geographical Society (with the Institute of British Geographers)]},
title = {{Morocco and Its Future}},
url = {http://www.jstor.org/stable/1778192},
volume = {39},
year = {1912}
}
@article{OlivPena2011,
author = {Oliveros-Ramos, Ricardo and Pe{\~{n}}a, Cecilia},
journal = {Ciencias Marinas},
pages = {659--674},
title = {{Modeling and analysis of the recruitment of Peruvian anchovy (Engraulis}},
volume = {37},
year = {2011}
}
@article{OrenRate2020,
annote = {https://doi.org/10.1002/lom3.10394},
author = {Orenstein, Eric and Ratelle, Devin and Brise{\~{n}}o-Avena, Christian and Carter, Melissa and Franks, Peter and Jaffe, Jules and Roberts, Paul},
doi = {https://doi.org/10.1002/lom3.10394},
issn = {1541-5856},
journal = {Limnology and Oceanography: Methods},
month = {nov},
number = {11},
pages = {681--695},
publisher = {John Wiley & Sons, Ltd},
title = {{The Scripps Plankton Camera system: A framework and platform for in situ microscopy}},
url = {https://doi.org/10.1002/lom3.10394},
volume = {18},
year = {2020}
}
@article{OspiPara2012,
author = {Ospina-Alvarez, Andr{\'{e}}s and Parada, Carolina and Palomera, Isabel},
doi = {10.1016/j.ecolmodel.2012.02.001},
issn = {03043800},
journal = {Ecological Modelling},
pages = {65--79},
publisher = {Elsevier B.V.},
title = {{Vertical migration effects on the dispersion and recruitment of European anchovy larvae: From spawning to nursery areas}},
volume = {231},
year = {2012}
}
@article{OsseVan1995,
author = {Osse, J W M and van den Boogaart, J},
journal = {ICES Marine Science Symposia},
publisher = {ICES MSS Vol. 201-Mass rearing of juvenile fish},
title = {{Fish larvae, development, allometric growth, and the aquatic environment}},
year = {1995}
}
@article{OsseBoog1997,
author = {Osse, J W M and van den Boogaart, J and van Snik, G and van der Sluys, L},
doi = {https://doi.org/10.1016/S0044-8486(97)00126-9},
issn = {0044-8486},
journal = {Aquaculture},
number = {1},
pages = {249--258},
title = {{Priorities during early growth of fish larvae}},
url = {https://www.sciencedirect.com/science/article/pii/S0044848697001269},
volume = {155},
year = {1997}
}
@incollection{PaloMuck1987,
author = {Palomares, D and Muck, P and Mendo, J and Chuman, E and Gomez, O and Pauly, Daniel},
booktitle = {The Peruvian anchoveta and its upwelling ecosystem: three decades of change},
editor = {Pauly, Daniel and Tsukayama, I},
pages = {117--141},
publisher = {ICLARM},
title = {{Growth of the Peruvian Anchovy (Engraulis ringens), 1953 to 1982}},
volume = {15},
year = {1987}
}
@article{PaloMora1988,
author = {Palomera, I and Morales-Nin, B and Lleonart, J},
doi = {10.1007/BF00391991},
issn = {1432-1793},
journal = {Marine Biology},
number = {2},
pages = {283--291},
title = {{Larval growth of anchovy, Engraulis encrasicolus, in the Western Mediterranean Sea}},
url = {https://doi.org/10.1007/BF00391991},
volume = {99},
year = {1988}
}
@article{PanYe2020,
author = {Pan, Xindong and Ye, Zhenjiang and Xu, Binduo and Jiang, Tao and Yang, Jian and Tian, Yongjun},
doi = {https://doi.org/10.1016/j.fishres.2020.105690},
issn = {0165-7836},
journal = {Fisheries Research},
pages = {105690},
title = {{Population connectivity in a highly migratory fish, Japanese Spanish mackerel (Scomberomorus niphonius), along the Chinese coast, implications from otolith chemistry}},
url = {https://www.sciencedirect.com/science/article/pii/S0165783620302071},
volume = {231},
year = {2020}
}
@article{ParaCola2012,
author = {Parada, Carolina and Colas, Francois and Soto-Mendoza, Samuel and Castro, Leonardo},
doi = {10.1016/j.pocean.2011.07.015},
issn = {00796611},
journal = {Progress in Oceanography},
pages = {192--205},
publisher = {Elsevier Ltd},
title = {{Effects of seasonal variability in across- and alongshore transport of anchoveta (Engraulis ringens) larvae on model-based pre-recruitment indices off central Chile}},
url = {http://dx.doi.org/10.1016/j.pocean.2011.07.015},
volume = {92-95},
year = {2012}
}
@article{ParrEvan2008,
author = {Parry, Hazel R. and Evans, Andrew J.},
doi = {10.1016/j.ecolmodel.2008.02.002},
journal = {Ecological Modelling},
pages = {141--152},
title = {{A comparative analysis of parallel processing and super-individual methods for improving the computational performance of a large individual-based model}},
volume = {214},
year = {2008}
}
@article{PaulChri1995,
author = {Pauly, Daniel and Christensen, Villy},
doi = {10.1038/374255a0},
issn = {1476-4687},
journal = {Nature},
number = {6519},
pages = {255--257},
title = {{Primary production required to sustain global fisheries}},
url = {https://doi.org/10.1038/374255a0},
volume = {374},
year = {1995}
}
@article{PaulFroe2023,
author = {Pauly, Daniel and Froese, Rainer and Liang, Cui and M{\"{u}}ller, Johannes and Sorensen, Peter},
doi = {10.1007/s10641-023-01482-2},
issn = {1573-5133},
journal = {Environmental Biology of Fishes},
number = {11},
pages = {2031--2043},
title = {{Post-spawning growth acceleration in fish as a result of reduced live weight and thus, increased food conversion efficiency}},
url = {https://doi.org/10.1007/s10641-023-01482-2},
volume = {106},
year = {2023}
}
@incollection{PaulSori1987,
author = {Pauly, Daniel and Soriano, M},
booktitle = {The Peruvian anchoveta and its upwelling ecosystem: three decades of change},
editor = {Pauly, Daniel and Tsukayama, I},
pages = {167--178},
publisher = {ICLARM},
title = {{Monthly spawning stock and egg production of Peruvian anchoveta (Engraulis ringens), 1953 to 1982}},
volume = {15},
year = {1987}
}
@article{PeckHufn2012,
author = {Peck, Myron A. and Hufnagl, Marc},
doi = {10.1016/j.jmarsys.2011.08.005},
issn = {09247963},
journal = {Journal of Marine Systems},
pages = {77--93},
publisher = {Elsevier B.V.},
title = {{Can IBMs tell us why most larvae die in the sea? Model sensitivities and scenarios reveal research needs}},
url = {http://dx.doi.org/10.1016/j.jmarsys.2011.08.005},
volume = {93},
year = {2012}
}
@article{PecqPeti2009,
author = {Pecquerie, Laure and Petitgas, Pierre and Kooijman, S. A. L. M.},
doi = {10.1016/j.seares.2009.06.002},
issn = {13851101},
journal = {Journal of Sea Research},
number = {2-3},
pages = {93--105},
publisher = {Elsevier B.V.},
title = {{Modeling fish growth and reproduction in the context of the Dynamic Energy Budget theory to predict environmental impact on anchovy spawning duration}},
url = {http://dx.doi.org/10.1016/j.seares.2009.06.002},
volume = {62},
year = {2009}
}
@article{PeliMarc2007,
author = {Peliz, Alvaro and Marchesiello, Patrick and Dubert, Jesus and Marta-Almeida, Martinho and Roy, Claude and Queiroga, Henrique},
doi = {10.1016/j.jmarsys.2006.11.007},
journal = {Journal of Marine Systems},
pages = {215--236},
title = {{A study of crab larvae dispersal on the Western Iberian Shelf: Physical processes}},
volume = {68},
year = {2007}
}
@article{PenvEche2005,
author = {Penven, Pierrick and Echevin, Vincent and Pasapera, J. and Colas, Fran{\c{c}}ois and Tam, Jorge},
doi = {10.1029/2005JC002945},
journal = {Journal of Geophysical Research C: Oceans},
pages = {1--21},
title = {{Average circulation, seasonal cycle, and mesoscale dynamics of the Peru Current System: A modeling approach}},
volume = {110},
year = {2005}
}
@article{Pepi1991,
author = {Pepin, Pierre},
issn = {0706-652X},
journal = {Canadian Journal of Fisheries and Aquatic Sciences},
number = {3},
pages = {503--518},
publisher = {NRC Research Press Ottawa, Canada},
title = {{Effect of temperature and size on development, mortality, and survival rates of the pelagic early life history stages of marine fish}},
volume = {48},
year = {1991}
}
@article{PereBuit2000,
author = {Perea, {\'{A}}ngel and Buitr{\'{o}}n, Betsy},
journal = {Informe del Instituto del Mar del Peru},
pages = {42 -- 46},
title = {{Fecundidad Parcial de la Anchoveta Engraulis ringens durante el invierno 1999}},
volume = {154},
year = {2000}
}
@article{PerePena2011,
author = {Perea, {\'{A}}ngel and Pe{\~{n}}a, Cecilia and Oliveros-Ramos, Ricardo and Buitr{\'{o}}n, Betsy and Mori, J},
journal = {Ciencias Marinas},
pages = {585--601},
title = {{Potential egg production, recruitment, and closed fishing season of the Peruvian anchovy (Engraulis ringens): Implications for fisheries management}},
volume = {37},
year = {2011}
}
@article{PereRoqu2008,
author = {Perea, {\'{A}}ngel and Roque, Cecilia},
journal = {Informe del Instituto del Mar del Peru},
number = {2},
pages = {167--171},
title = {{Par{\'{a}}metros reproductivos de adultos de anchoveta peruana a finales del invierno 2005}},
url = {https://repositorio.imarpe.gob.pe/handle/20.500.12958/1989},
volume = {35},
year = {2008}
}
@article{PethRoos2013,
author = {Pethybridge, H. and Roos, D. and Loizeau, V. and Pecquerie, L. and Bacher, Cedric},
doi = {10.1016/j.ecolmodel.2012.11.017},
issn = {03043800},
journal = {Ecological Modelling},
pages = {370--383},
publisher = {Elsevier B.V.},
title = {{Responses of European anchovy vital rates and population growth to environmental fluctuations: An individual-based modeling approach}},
volume = {250},
year = {2013}
}
@article{Pianka1970,
author = {Pianka, Eric},
issn = {0003-0147},
journal = {The american naturalist},
number = {940},
pages = {592--597},
publisher = {University of Chicago Press},
title = {{On r-and K-selection}},
volume = {104},
year = {1970}
}
@article{PietCola2021,
author = {Pietri, Alice and Colas, Fran{\c{c}}ois and Mogollon, Rodrigo and Tam, Jorge and Gutierrez, Dimitri},
doi = {10.1038/s41598-021-00340-4},
issn = {2045-2322},
journal = {Scientific Reports},
number = {1},
pages = {21172},
title = {{Marine heatwaves in the Humboldt current system: from 5-day localized warming to year-long El Ni{\~{n}}os}},
url = {https://doi.org/10.1038/s41598-021-00340-4},
volume = {11},
year = {2021}
}
@article{PietTest2013,
author = {Pietri, Alice and Testor, Pierre and Echevin, Vincent and Chaigneau, Alexis and Mortier, Laurent and Eldin, Gerard and Grados, Carmen},
doi = {10.1175/JPO-D-12-035.1},
journal = {Journal of Physical Oceanography},
pages = {631--646},
title = {{Finescale vertical structure of the upwelling system off southern peru as observed from glider data}},
volume = {43},
year = {2013}
}
@article{PineHare2007,
author = {Pineda, Jes{\'{u}}s and Hare, Jonathan A. and Sponaugle, Su},
doi = {10.5670/oceanog.2007.27},
issn = {10428275},
journal = {Oceanography},
pages = {22--39},
title = {{Larval transport and dispersal in the coastal ocean and consequences for population connectivity}},
volume = {20},
year = {2007}
}
@article{PlazCern2018,
author = {Plaza, Guido and Cerna, Francisco and Landaeta, Mauricio and Hern{\'{a}}ndez, Alejandra and Contreras, Jorge},
doi = {10.1111/jfb.13773},
issn = {10958649},
journal = {Journal of Fish Biology},
number = {2},
pages = {370--381},
pmid = {30069905},
title = {{Daily growth patterns and age-at-recruitment of the anchoveta Engraulis ringens as indicated by a multi-annual analysis of otolith microstructure across developmental stages}},
volume = {93},
year = {2018}
}
@article{PoweBake2015,
address = {Boston MA, USA},
author = {Powell, C and Baker, A and Jickells, T and Bange, H and Chance, R and Yodle, C},
doi = {10.1175/JAS-D-15-0011.1},
journal = {Journal of the Atmospheric Sciences},
language = {English},
number = {10},
pages = {4029--4045},
publisher = {American Meteorological Society},
title = {{Estimation of the Atmospheric Flux of Nutrients and Trace Metals to the Eastern Tropical North Atlantic Ocean}},
url = {https://journals.ametsoc.org/view/journals/atsc/72/10/jas-d-15-0011.1.xml},
volume = {72},
year = {2015}
}
@article{Prie2014,
author = {Prieto, Gabriel},
issn = {2304-4292},
journal = {Bolet{\'{i}}n de Arqueolog{\'{i}}a PUCP},
number = {18},
pages = {129--157},
title = {{La pesca prehisp{\'{a}}nica en la Costa Central: una revisi{\'{o}}n necesaria a partir de los nuevos datos provenientes del barrio de pescadores del sitio Huaca 20, Complejo Maranga}},
year = {2014}
}
@article{Prie2019,
author = {Prieto, Gabriel},
journal = {YUNGAS},
number = {7},
pages = {51--76},
title = {{Una revisi{\'{o}}n cr{\'{i}}tica de la hip{\'{o}}tesis de las fundaciones mar{\'{i}}timas en los Andes: una perspectiva desde el sitio de Gramalote}},
volume = {3},
year = {2019}
}
@article{RiouOfel2021,
author = {Rioual, Fanny and Ofelio, Claudia and Rosado-Salazar, Maryandrea and Dionicio-Acedo, Jhon and Peck, Myron A. and Aguirre-Velarde, Arturo},
doi = {10.1111/jfb.14882},
journal = {Journal of Fish Biology},
number = {April},
pages = {1--18},
title = {{Embryonic development and effect of temperature on larval growth of the Peruvian anchovy Engraulis ringens}},
year = {2021}
}
@article{RodrDiaz2019,
author = {Rodr{\'{i}}guez-Morata, C and D{\'{i}}az, H and Ballesteros-Canovas, J and Rohrer, M and Stoffel, M},
doi = {10.1007/s00382-018-4466-y},
issn = {1432-0894},
journal = {Climate Dynamics},
number = {9},
pages = {5605--5622},
title = {{The anomalous 2017 coastal El Ni{\~{n}}o event in Peru}},
url = {https://doi.org/10.1007/s00382-018-4466-y},
volume = {52},
year = {2019}
}
@article{RojaLand2014,
author = {Rojas, Pablo and Landaeta, Mauricio},
issn = {0718-560X},
journal = {Latin American Journal of Aquatic Research},
number = {5},
pages = {989--1008},
publisher = {Pontificia Universidad Cat{\'{o}}lica de Valpara{\'{i}}so},
title = {{Fish larvae retention linked to abrupt bathymetry at Mejillones Bay (northern Chile) during coastal upwelling events}},
volume = {42},
year = {2014}
}
@article{RoxyModi2016,
annote = {https://doi.org/10.1002/2015GL066979},
author = {Roxy, Mathew Koll and Modi, Aditi and Murtugudde, Raghu and Valsala, Vinu and Panickal, Swapna and {Prasanna Kumar}, S and Ravichandran, M and Vichi, Marcello and L{\'{e}}vy, Marina},
doi = {https://doi.org/10.1002/2015GL066979},
issn = {0094-8276},
journal = {Geophysical Research Letters},
month = {jan},
number = {2},
pages = {826--833},
publisher = {John Wiley & Sons, Ltd},
title = {{A reduction in marine primary productivity driven by rapid warming over the tropical Indian Ocean}},
url = {https://doi.org/10.1002/2015GL066979},
volume = {43},
year = {2016}
}
@article{RoyCury1992,
author = {Roy, C. and Cury, P. and Kifani, S.},
doi = {10.2989/02577619209504697},
issn = {02577615},
journal = {South African Journal of Marine Science},
number = {1},
pages = {135--146},
title = {{Pelagic fish recruitment success and reproductive strategy in upwelling areas: Environmental compromises}},
volume = {12},
year = {1992}
}
@article{SalvField2018,
author = {Salvatteci, Renato and Field, David and Guti{\'{e}}rrez, Dimitri and Baumgartner, Tim and Ferreira, Vicente and Ortlieb, Luc and Sifeddine, Abdel and Grados, Daniel and Bertrand, Arnaud},
doi = {10.1111/gcb.13991},
issn = {13652486},
journal = {Global Change Biology},
number = {3},
pages = {1055--1068},
pmid = {29156091},
title = {{Multifarious anchovy and sardine regimes in the Humboldt Current System during the last 150 years}},
volume = {24},
year = {2018}
}
@article{SalvGuti2019,
author = {Salvatteci, Renato and Guti{\'{e}}rrez, Dimitri and Field, David and Sifeddine, Abdel and Ortlieb, Luc and Caquineau, Sandrine and Baumgartner, Tim and Ferreira, Vicente and Bertrand, Arnaud},
doi = {10.1016/j.pocean.2019.05.006},
issn = {00796611},
journal = {Progress in Oceanography},
number = {May},
pages = {102114},
publisher = {Elsevier},
title = {{Fish debris in sediments from the last 25 kyr in the Humboldt Current reveal the role of productivity and oxygen on small pelagic fishes}},
volume = {176},
year = {2019}
}
@article{SalvSchn2022,
author = {Salvatteci, Renato and Schneider, Ralph R. and Galbraith, Eric and Field, David and Blanz, Thomas and Bauersachs, Thorsten and Crosta, Xavier and Martinez, Philippe and Echevin, Vincent and Scholz, Florian and Bertrand, Arnaud},
doi = {10.1126/science.abj0270},
issn = {10959203},
journal = {Science},
pages = {101--104},
pmid = {34990239},
title = {{Smaller fish species in a warm and oxygen-poor Humboldt Current system}},
volume = {375},
year = {2022}
}
@article{SancCali2000,
author = {Sanchez, Guadalupe and Calienes, Ruth and Zuta, Salvador},
journal = {Reports of California Cooperative Oceanic Fisheries Investigations},
number = {1},
pages = {62--86},
title = {{The 1997-98 El Ni{\~{n}}o and its effects on the coastal marine ecosystem off Peru}},
volume = {41},
year = {2000}
}
@article{Sanc1966,
author = {Sanchez, R J E},
journal = {Proc. Gulf Caribb. Fish. Inst},
pages = {84--93},
title = {{General aspects of the biology and ecology of the anchovy (Engraulis ringens)}},
volume = {18},
year = {1966}
}
@article{ScheBave1995,
author = {Scheffer, M. and Baveco, J. and DeAngelis, Donald and Rose, K. and van Nes, E.},
doi = {10.1016/0304-3800(94)00055-M},
journal = {Ecological Modelling},
pages = {161--170},
title = {{Super-individuals a simple solution for modelling large populations on an individual basis}},
volume = {80},
year = {1995}
}
@article{Scul2010,
author = {Scully, Malcolm},
journal = {Estuaries and Coasts},
pages = {1164--1175},
publisher = {[Coastal and Estuarine Research Federation, Springer]},
title = {{Wind modulation of dissolved oxygen in Chesapeake Bay}},
url = {http://www.jstor.org/stable/40863486},
volume = {33},
year = {2010}
}
@article{SeatVald1964,
author = {Seatersdal, G and Valdivia, Julio},
journal = {Instituto de Investigaci{\'{o}}n de los Recursos Marinos},
pages = {85--136},
title = {{Un estudio del crecimiento, tama{\~{n}}o y reclutamiento de la anchoveta (Engraulis ringens J.) Basado en datos de frecuencia de longitud}},
volume = {4},
year = {1964}
}
@article{SharMidd2017,
annote = {https://doi.org/10.1002/2016GB005483},
author = {Sharples, Jonathan and Middelburg, Jack J and Fennel, Katja and Jickells, Timothy D},
doi = {https://doi.org/10.1002/2016GB005483},
issn = {0886-6236},
journal = {Global Biogeochemical Cycles},
month = {jan},
number = {1},
pages = {39--58},
publisher = {John Wiley & Sons, Ltd},
title = {{What proportion of riverine nutrients reaches the open ocean?}},
url = {https://doi.org/10.1002/2016GB005483},
volume = {31},
year = {2017}
}
@article{Shaw1962,
author = {Shaw, Evelyn},
issn = {00368733, 19467087},
journal = {Scientific American},
month = {sep},
number = {6},
pages = {128--141},
publisher = {Scientific American, a division of Nature America, Inc.},
title = {{The schooling of fishes}},
url = {http://www.jstor.org/stable/24936575},
volume = {206},
year = {1962}
}
@article{ShchMcwi2005,
author = {Shchepetkin, Alexander F. and McWilliams, James C.},
doi = {10.1016/j.ocemod.2004.08.002},
journal = {Ocean Modelling},
pages = {347--404},
title = {{The regional oceanic modeling system (ROMS): A split-explicit, free-surface, topography-following-coordinate oceanic model}},
volume = {9},
year = {2005}
}
@article{SilvRoja2009,
author = {Silva, Nelson and Rojas, Nora and Fedele, Aldo},
doi = {10.1016/j.dsr2.2008.12.013},
journal = {Deep Sea Research Part II},
pages = {1004--1020},
title = {{Water masses in the Humboldt Current System: Properties, distribution, and the nitrate deficit as a chemical water mass tracer for Equatorial Subsurface Water off Chile}},
volume = {56},
year = {2009}
}
@article{SimoSieg2013,
author = {Simons, Rachel and Siegel, David and Brown, Kevin},
doi = {10.1016/j.jmarsys.2013.03.004},
issn = {09247963},
journal = {Journal of Marine Systems},
pages = {19--29},
publisher = {Elsevier B.V.},
title = {{Model sensitivity and robustness in the estimation of larval transport: A study of particle tracking parameters}},
volume = {119-120},
year = {2013}
}
@article{SmitSand1997,
annote = {doi: 10.1126/science.277.5334.1956},
author = {Smith, Walter and Sandwell, David T},
doi = {10.1126/science.277.5334.1956},
journal = {Science},
number = {5334},
pages = {1956--1962},
publisher = {American Association for the Advancement of Science},
title = {{Global sea floor topography from satellite altimetry and ship depth soundings}},
url = {https://doi.org/10.1126/science.277.5334.1956},
volume = {277},
year = {1997}
}
@article{Soga1997,
author = {Sogard, Susan M},
issn = {0007-4977},
journal = {Bulletin of marine science},
number = {3},
pages = {1129--1157},
publisher = {University of Miami-Rosenstiel School of Marine and Atmospheric Science},
title = {{Size-selective mortality in the juvenile stage of teleost fishes: a review}},
volume = {60},
year = {1997}
}
@article{StigRoge2019,
annote = {https://doi.org/10.1111/faf.12391},
author = {Stige, Leif Christian and Rogers, Lauren A and Neuheimer, Anna B and Hunsicker, Mary E and Yaragina, Natalia A and Ottersen, Geir and Ciannelli, Lorenzo and Langangen, {\O}ystein and Durant, Jo{\"{e}}l M},
doi = {https://doi.org/10.1111/faf.12391},
issn = {1467-2960},
journal = {Fish and Fisheries},
month = {sep},
number = {5},
pages = {962--976},
publisher = {John Wiley & Sons, Ltd},
title = {{Density- and size-dependent mortality in fish early life stages}},
url = {https://doi.org/10.1111/faf.12391},
volume = {20},
year = {2019}
}
@article{Stra1993,
author = {Strathmann, Richard},
issn = {00664162},
journal = {Annual Review of Ecology and Systematics},
pages = {89--117},
publisher = {Annual Reviews},
title = {{Hypotheses on the origins of marine larvae}},
url = {http://www.jstor.org/stable/2097174},
volume = {24},
year = {1993}
}
@article{SwarBert2008,
author = {Swartzman, Gordon and Bertrand, Arnaud and Guti{\'{e}}rrez, Mariano and Bertrand, Sophie and Vasquez, Luis},
doi = {10.1016/j.pocean.2008.10.021},
issn = {00796611},
journal = {Progress in Oceanography},
number = {2-4},
pages = {228--237},
title = {{The relationship of anchovy and sardine to water masses in the Peruvian Humboldt Current System from 1983 to 2005}},
volume = {79},
year = {2008}
}
@article{TakaMart2019,
author = {Takahashi, Ken and Mart{\'{i}}nez, Alejandra},
doi = {10.1007/s00382-017-3702-1},
isbn = {0123456789},
issn = {14320894},
journal = {Climate Dynamics},
number = {12},
pages = {7389--7415},
publisher = {Springer Berlin Heidelberg},
title = {{The very strong coastal El Ni{\~{n}}o in 1925 in the far-eastern Pacific}},
volume = {52},
year = {2019}
}
@article{TakaWata2001,
author = {Takahashi, Motomitsu and Watanabe, Yoshiro and Kinoshita, T and Watanabe, C},
doi = {https://doi.org/10.1046/j.1365-2419.2001.00160.x},
issn = {1054-6006},
journal = {Fisheries Oceanography},
month = {jun},
number = {2},
pages = {235--247},
publisher = {John Wiley & Sons, Ltd},
title = {{Growth of larval and early juvenile Japanese anchovy, Engraulis japonicus, in the Kuroshio-Oyashio transition region}},
url = {https://doi.org/10.1046/j.1365-2419.2001.00160.x},
volume = {10},
year = {2001}
}
@incollection{TaraArnt2001,
author = {Tarazona, J. and Arntz, W.},
booktitle = {Coastal Marine Ecosystems of Latin America},
doi = {10.1007/978-3-662-04482-7_17},
pages = {229--244},
publisher = {Springer Berlin Heidelberg},
title = {{The Peruvian Coastal Upwelling System}},
volume = {144},
year = {2001}
}
@article{TettGowe2013,
annote = {10.3354/meps10539},
author = {Tett, P and RJ, Gowen and SJ, Painting and Elliott, M and Forster, R and DK, Mills and Bresnan, E and Capuzzo, E and TF, Fernandes and Foden, J and RJ, Geider and LC, Gilpin and Huxham, M and AL, McQuatters-Gollop and SJ, Malcolm and Saux-Picart, S and Platt, T and MF, Racault and Sathyendranath, S and J, van der Molen and Wilkinson, M},
journal = {Marine Ecology Progress Series},
pages = {1--27},
title = {{Framework for understanding marine ecosystem health}},
url = {https://www.int-res.com/abstracts/meps/v494/p1-27},
volume = {494},
year = {2013}
}
@article{ThomDuma2016,
author = {Thomas, Yoann and Dumas, Franck and Andr{\'{e}}fou{\"{e}}t, Serge},
doi = {10.1016/j.ecss.2016.03.010},
issn = {02727714},
journal = {Estuarine, Coastal and Shelf Science},
pages = {283--293},
title = {{Larval connectivity of pearl oyster through biophysical modelling; evidence of food limitation and broodstock effect}},
volume = {182},
year = {2016}
}
@article{TimZori2016,
author = {Tim, Nele and Zorita, Eduardo and H{\"{u}}nicke, Birgit and Yi, Xing and Emeis, Kay-Christian},
issn = {1812-0792},
journal = {Ocean Science},
number = {3},
pages = {807--823},
publisher = {Copernicus Publications G{\"{o}}ttingen, Germany},
title = {{The importance of external climate forcing for the variability and trends of coastal upwelling in past and future climate}},
volume = {12},
year = {2016}
}
@article{VonB1957,
author = {{Von Bertalanffy}, Ludwig},
doi = {10.1086/401873},
issn = {00335770},
journal = {The Quarterly review of biology},
number = {3},
pages = {217--231},
pmid = {13485376},
title = {{Quantitative laws in metabolism and growth.}},
volume = {32},
year = {1957}
}
@article{WalkMcCo2004,
annote = {10.3354/meps266201},
author = {Walker, Stefan and McCormick, Mark},
journal = {Marine Ecology Progress Series},
pages = {201--212},
title = {{Otolith-check formation and accelerated growth associated with sex change in an annual protogynous tropical fish}},
url = {https://www.int-res.com/abstracts/meps/v266/p201-212/},
volume = {266},
year = {2004}
}
@article{WalsWhit1980,
author = {Walsh, John and Whitledge, Terry and Esaias, Wayne and Smith, Robert and Huntsman, Susan and Santander, Hayde{\'{e}} and {De Mendiola}, Blanca},
doi = {10.1016/0198-0149(80)90069-2},
issn = {01980149},
journal = {Deep Sea Research Part A, Oceanographic Research Papers},
number = {1},
pages = {1--27},
title = {{The spawning habitat of the Peruvian anchovy, Engraulis ringens}},
volume = {27},
year = {1980}
}
@article{WareMend1981,
address = {Callao},
annote = {Evidencia del {\'{e}}xito de captura de alimento de las larvas de anchoveta, particularmente sobre el zooplancton.},
author = {Ware, D and {De Mendiola}, Blanca and Newhouse, D},
issn = {Q378 - 7699},
journal = {Boletin Instituto del Mar del Per{\'{u}}},
pages = {80--87},
title = {{Behaviour of first-feeding Peruvian anchoveta larvae, Engraulis ringens J.}},
year = {1981}
}
@article{Webs1994,
author = {Webster, Peter J},
doi = {https://doi.org/10.1029/94RG01873},
issn = {8755-1209},
journal = {Reviews of Geophysics},
month = {nov},
number = {4},
pages = {427--476},
publisher = {John Wiley & Sons, Ltd},
title = {{The role of hydrological processes in ocean-atmosphere interactions}},
url = {https://doi.org/10.1029/94RG01873},
volume = {32},
year = {1994}
}
@article{WeinOsbo2022,
author = {Weinberg, Camille and Osborn, Jo and {Espino Huaman}, Richard},
issn = {0959-6836},
journal = {The Holocene},
number = {12},
pages = {1503--1517},
publisher = {SAGE Publications Sage UK: London, England},
title = {{Marine shellfish exploitation as a means of reducing vulnerability to resource uncertainty in southern coastal Peru (200 BCEâ€“150 CE)}},
volume = {32},
year = {2022}
}
@article{Whit1988,
author = {Whitehead, P},
journal = {Clupeoid fishes of the world (suborder Clupeoidei). FAO fisheries synopsis},
number = {2},
pages = {305--579},
publisher = {FAO},
title = {{An annotated and illustrated catalogue of herrings, sardines, pilchards, sprats, shads, anchovies and wolf-herrings}},
volume = {125},
year = {1988}
}
@article{Wust1964,
author = {W{\"{u}}st, Georg},
issn = {0079-6611},
journal = {Progress in Oceanography},
pages = {1--52},
publisher = {Elsevier},
title = {{The major deep-sea expeditions and research vessels 1873-1960: a contribution to the history of oceanography}},
volume = {2},
year = {1964}
}
@article{XuChai2013,
author = {Xu, Yi and Chai, Fei and Rose, Kenneth A. and {\~{N}}iquen, Miguel and Chavez, Francisco},
doi = {10.1016/j.ecolmodel.2013.01.009},
journal = {Ecological Modelling},
pages = {64--82},
title = {{Environmental influences on the interannual variation and spatial distribution of Peruvian anchovy (Engraulis ringens) population dynamics from 1991 to 2007: A three-dimensional modeling study}},
volume = {264},
year = {2013}
}
@article{XuRose2015,
author = {Xu, Yi and Rose, Kenneth A. and Chai, Fei and Chavez, Francisco and Ay{\'{o}}n, Patricia},
doi = {10.1016/j.pocean.2015.04.002},
journal = {Progress in Oceanography},
pages = {417--430},
title = {{Does spatial variation in environmental conditions affect recruitment? A study using a 3-D model of Peruvian anchovy}},
volume = {138},
year = {2015}
}
@article{XuanHuan2012,
author = {Xuan, Ji Liang and Huang, Daji and Zhou, Feng and Zhu, Xiao Hua and Fan, Xiaopeng},
doi = {10.1029/2012JC008121},
journal = {Journal of Geophysical Research: Oceans},
pages = {1--17},
title = {{The role of wind on the detachment of low salinity water in the Changjiang Estuary in summer}},
volume = {117},
year = {2012}
}
@incollection{Youn1995,
author = {Young, Craig},
booktitle = {Ecology of Marine Invertebrate Larvae},
doi = {10.1201/9780138758950-8},
isbn = {9780138758950},
month = {apr},
pages = {249--277},
publisher = {CRC Press},
title = {{Behavior and Locomotion During the Dispersal Phase of Larval Life}},
url = {https://www.taylorfrancis.com/chapters/edit/10.1201/9780138758950-8/behavior-locomotion-dispersal-phase-larval-life-craig-young},
year = {1995}
}
